timestamp,sequence,type,side,order_id,price,qty
34200.004241176,1,limit,buy,16113575,5853300,18
34200.00426064,2,limit,buy,16113584,5853200,18
34200.004447484,3,limit,buy,16113594,5853100,18
34200.025551909,4,limit,sell,16120456,5859100,18
34200.025579546,5,limit,sell,16120480,5859200,18
34200.025613151,6,limit,sell,16120503,5859300,18
34200.050241056,7,limit,buy,16127688,5850000,100
34200.201517942,8,limit,sell,16166035,5859300,100
34200.201735987,9,cancel,buy,16113594,0,0
34200.201742395,10,cancel,buy,16113584,0,0
34200.201743336,11,cancel,sell,16120456,0,0
34200.201768069,12,cancel,sell,16120503,0,0
34200.201780978,13,cancel,sell,16120480,0,0
34200.20196619,14,limit,buy,16166175,5849900,2
34200.205573445,15,limit,buy,16167159,5853600,18
34200.2055966,16,limit,buy,16167166,5853500,18
34200.271739507,17,limit,buy,3647217,5857300,20
34200.271739507,18,limit,sell,5740544,5857400,40
34200.271739507,19,limit,buy,2109823,5857000,50
34200.271739507,20,limit,sell,3570647,5857500,50
34200.271739507,21,limit,buy,3237773,5856900,20
34200.271739507,22,limit,sell,3647221,5857500,5
34200.271739507,23,limit,buy,3583158,5856500,5
34200.271739507,24,limit,sell,3647222,5857500,7
34200.271739507,25,limit,buy,3647220,5856400,20
34200.271739507,26,limit,sell,5230851,5857500,20
34200.271739507,27,limit,buy,4731250,5856000,3
34200.271739507,28,limit,sell,1373927,5857800,25
34200.271739507,29,limit,sell,1601225,5857800,20
34200.271739507,30,limit,sell,2606421,5858000,4
34200.271739507,31,limit,sell,1364835,5858200,5
34200.271739507,32,limit,sell,7277867,5858300,7
34200.274847385,33,cancel,buy,16167159,0,0
34200.274847884,34,cancel,buy,16113575,0,0
34200.274930282,35,cancel,buy,16167166,0,0
34200.275016159,36,market,buy,10000000000,0,40
34200.275016159,37,market,buy,10000000001,0,25
34200.275057494,38,market,sell,10000000002,0,1
34200.275063291,39,market,sell,10000000003,0,10
34200.275072491,40,market,buy,10000000004,0,25
34200.275072491,41,market,buy,10000000005,0,5
34200.275072491,42,market,buy,10000000006,0,7
34200.275072491,43,market,buy,10000000007,0,20
34200.275072491,44,market,buy,10000000008,0,25
34200.275072491,45,market,buy,10000000009,0,20
34200.275072491,46,market,buy,10000000010,0,4
34200.275072491,47,market,buy,10000000011,0,5
34200.275072491,48,market,buy,10000000012,0,7
34200.275072491,49,market,buy,10000000013,0,37
34200.275086737,50,limit,buy,16182629,5852500,100
34200.275123235,51,limit,buy,16182649,5857400,50
34200.27720806,52,cancel,sell,15836282,0,0
34200.27769919,53,cancel,sell,15847383,0,0
34200.28039589,54,limit,buy,16183794,5857700,18
34200.280424426,55,limit,buy,16183801,5857600,18
34200.280445789,56,limit,buy,16183806,5857500,18
34200.293839785,57,limit,buy,16186225,5857000,100
34200.347390612,58,limit,sell,16196199,5859300,100
34200.358687488,59,market,buy,10000000014,0,4
34200.393802798,60,limit,sell,16207125,5859400,100
34200.393976201,61,cancel,buy,16182649,0,0
34200.39400159,62,cancel,buy,16183801,0,0
34200.394003147,63,cancel,buy,16183806,0,0
34200.394047899,64,limit,sell,16207170,5859900,100
34200.395116567,65,limit,sell,16207442,5859800,200
34200.417746832,66,market,sell,10000000015,0,18
34200.417746832,67,market,sell,10000000016,0,9
34200.418943908,68,market,sell,10000000017,0,23
34200.419089711,69,limit,sell,16211220,5859200,18
34200.459503459,70,cancel,buy,16186225,0,0
34200.459699729,71,limit,buy,16220046,5854500,100
34200.484612533,72,limit,sell,16225065,5870000,300
34200.484767735,73,limit,sell,16225109,5870000,300
34200.502025984,74,cancel,buy,16220046,0,0
34200.544528304,75,limit,sell,16235607,5863300,5
34200.610599577,76,cancel,sell,16196199,0,0
34200.610751386,77,cancel,sell,16211220,0,0
34200.615388767,78,limit,buy,16249592,5854400,100
34200.698811337,79,limit,buy,16265081,5854500,100
34200.701389248,80,limit,sell,16265573,5858700,100
34200.702573634,81,limit,buy,16265761,5854400,67
34200.763059946,82,market,sell,10000000018,0,1
34200.833565295,83,cancel,buy,16265081,0,0
34200.833761339,84,limit,buy,16284218,5857000,100
34200.834524603,85,cancel,buy,16284218,0,0
34200.834769362,86,limit,buy,16284304,5854500,100
34200.887488522,87,limit,buy,16291236,5857000,18
34200.887548747,88,limit,buy,16291244,5857100,18
34200.88823905,89,cancel,buy,16284304,0,0
34200.888356919,90,limit,buy,16291389,5856000,100
34200.888641822,91,cancel,buy,16291389,0,0
34200.888800256,92,limit,buy,16291456,5856100,100
34200.911977878,93,limit,buy,16294463,5857400,100
34200.918220904,94,limit,sell,16295892,5858900,100
34200.96295406,95,cancel,buy,15469408,0,0
34201.0098547,96,cancel,buy,16291236,0,0
34201.009876509,97,cancel,buy,16291244,0,0
34201.011225241,98,cancel,buy,16291456,0,0
34201.011352575,99,market,sell,10000000019,0,100
34201.011358882,100,limit,buy,16309766,5854200,100
34201.014980201,101,market,sell,10000000020,0,26
34201.015080514,102,market,sell,10000000021,0,20
34201.015180053,103,limit,buy,16310817,5856600,18
34201.015508486,104,cancel,buy,16309766,0,0
34201.015781125,105,limit,buy,16310958,5854600,100
34201.01601494,106,cancel,buy,16310958,0,0
34201.01616858,107,limit,buy,16311061,5855400,100
34201.0316505,108,cancel,buy,16311061,0,0
34201.03180654,109,limit,buy,16314560,5855600,100
34201.043832887,110,limit,buy,16316688,5856900,18
34201.045274853,111,cancel,buy,16314560,0,0
34201.045527313,112,limit,buy,16316953,5855100,100
34201.151828026,113,limit,buy,3647224,5855900,15
34201.151828026,114,limit,sell,4566937,5859800,5
34201.151828026,115,limit,buy,4725584,5855500,1
34201.151828026,116,limit,sell,4725977,5859900,15
34201.151828026,117,limit,buy,2118573,5855000,9
34201.151828026,118,limit,sell,2109819,5860000,100
34201.151828026,119,limit,buy,3562118,5855000,5
34201.151828026,120,limit,sell,2126847,5860000,120
34201.151828026,121,limit,buy,9480911,5855000,25
34201.151828026,122,limit,sell,2851758,5860000,3
34201.151828026,123,limit,sell,2881480,5860000,25
34201.151828026,124,limit,sell,3305469,5860000,20
34201.151828026,125,limit,sell,3559332,5860000,3
34201.151828026,126,limit,sell,3569136,5860000,8
34201.151828026,127,limit,sell,3647225,5860000,20
34201.151828026,128,limit,sell,3689528,5860000,65
34201.151828026,129,limit,sell,4730816,5860000,50
34201.151828026,130,limit,sell,4985450,5860000,10
34201.151828026,131,limit,sell,5395985,5860000,1
34201.151828026,132,limit,sell,6325489,5860000,500
34201.151828026,133,limit,sell,9433882,5860000,35
34201.151828026,134,limit,sell,9303209,5865000,18
34201.151828026,135,limit,sell,10296777,5865000,40
34201.160865762,136,cancel,buy,16316953,0,0
34201.161036737,137,limit,buy,16335544,5855000,100
34201.171165592,138,cancel,buy,16335544,0,0
34201.171269639,139,cancel,buy,16310817,0,0
34201.171271698,140,cancel,buy,16316688,0,0
34201.171316864,141,limit,buy,16337151,5854700,100
34201.17297637,142,market,sell,10000000022,0,5
34201.17297637,143,market,sell,10000000023,0,20
34201.17297637,144,market,sell,10000000024,0,3
34201.17297637,145,market,sell,10000000025,0,15
34201.17297637,146,market,sell,10000000026,0,1
34201.17297637,147,market,sell,10000000027,0,9
34201.17297637,148,market,sell,10000000028,0,5
34201.17297637,149,market,sell,10000000029,0,25
34201.173094452,150,limit,sell,16337399,5858700,18
34201.1731408,151,limit,sell,16337407,5858600,5
34201.173141799,152,limit,sell,16337408,5858600,13
34201.173174928,153,limit,buy,16337414,5854800,18
34201.17320583,154,limit,sell,16337423,5858400,18
34201.173235656,155,limit,sell,16337430,5858500,18
34201.173275985,156,limit,sell,16337440,5858600,3
34201.174179399,157,cancel,buy,16337151,0,0
34201.174431517,158,limit,buy,16337597,5854200,100
34201.183713008,159,limit,buy,16338748,5854900,15
34201.188124042,160,limit,sell,16339418,5858300,15
34201.383969258,161,cancel,sell,16207170,0,0
34201.384145378,162,cancel,buy,16337414,0,0
34201.384146714,163,cancel,sell,16337399,0,0
34201.384168451,164,cancel,sell,16337423,0,0
34201.384171513,165,cancel,sell,16337407,0,0
34201.384173402,166,cancel,sell,16337408,0,0
34201.384201303,167,cancel,sell,16337430,0,0
34201.384201862,168,cancel,sell,16337440,0,0
34201.384238778,169,cancel,buy,16338748,0,0
34201.385122778,170,cancel,sell,16207125,0,0
34201.385872716,171,cancel,sell,16207442,0,0
34201.39750588,172,limit,sell,16365896,5858000,100
34201.422204025,173,limit,sell,16368700,5858900,200
34201.422300991,174,cancel,sell,16339418,0,0
34201.536315252,175,limit,sell,16380157,5857700,18
34201.536372648,176,limit,sell,16380182,5857800,18
34201.536410771,177,limit,sell,16380189,5857900,18
34201.536412448,178,limit,sell,16380190,5858000,18
34201.732217592,179,limit,buy,16396043,5854700,18
34201.732253626,180,limit,buy,16396051,5854600,5
34201.732358753,181,cancel,sell,16380189,0,0
34201.73236517,182,cancel,sell,16380157,0,0
34201.732368385,183,cancel,sell,16380182,0,0
34201.732392812,184,cancel,sell,16380190,0,0
34201.840762287,185,limit,sell,16402634,5857700,18
34201.840808542,186,limit,sell,16402643,5857800,18
34201.840818555,187,limit,sell,16402646,5857900,18
34201.840851751,188,limit,sell,16402650,5858000,18
34202.030342281,189,market,sell,10000000030,0,18
34202.030342281,190,market,sell,10000000031,0,5
34202.030451996,191,limit,sell,16415481,5857600,13
34202.030592674,192,cancel,sell,16402646,0,0
34202.030597882,193,cancel,sell,16402643,0,0
34202.030618578,194,cancel,sell,16402650,0,0
34202.034349986,195,limit,sell,16415792,5857300,18
34202.034385712,196,limit,sell,16415796,5857500,18
34202.034400011,197,limit,sell,16415798,5857400,18
34202.034430195,198,limit,sell,16415801,5857600,9
34202.179947146,199,cancel,sell,16402634,0,0
34202.179949106,200,cancel,sell,16415796,0,0
34202.17997144,201,cancel,sell,16415481,0,0
34202.179972369,202,cancel,sell,16415801,0,0
34202.179996508,203,cancel,sell,16415798,0,0
34202.255342116,204,limit,sell,16445672,5857300,18
34202.25538437,205,limit,sell,16445684,5857200,10
34202.255391393,206,limit,sell,16445687,5857200,8
34202.255445644,207,limit,sell,16445707,5857200,18
34202.260745221,208,cancel,buy,16337597,0,0
34202.269697512,209,limit,buy,16449896,5854400,100
34202.272992647,210,cancel,buy,16449896,0,0
34202.274476054,211,limit,buy,16450945,5854200,100
34202.383483898,212,cancel,sell,16368700,0,0
34202.383613299,213,cancel,sell,16445687,0,0
34202.383614811,214,cancel,sell,16445707,0,0
34202.383618942,215,cancel,sell,16415792,0,0
34202.383620122,216,cancel,sell,16445672,0,0
34202.383643886,217,cancel,sell,16445684,0,0
34202.38517469,218,limit,sell,16467671,5858100,100
34202.491436937,219,cancel,buy,16450945,0,0
34202.491574399,220,limit,buy,16479076,5856900,100
34202.491899451,221,cancel,buy,16479076,0,0
34202.492023165,222,limit,buy,16479170,5854200,100
34202.565551981,223,limit,sell,16486693,5857700,18
34202.565614779,224,limit,sell,16486703,5857900,8
34202.565632045,225,limit,sell,16486709,5857800,18
34202.565655722,226,limit,sell,16486714,5857900,10
34202.565666844,227,limit,sell,16486717,5858000,18
34202.57908587,228,cancel,buy,16479170,0,0
34202.579213337,229,limit,buy,16488533,5854700,100
34202.682315289,230,limit,sell,16497956,5857400,18
34202.682348971,231,limit,sell,16497960,5857500,4
34202.682449351,232,cancel,sell,16486703,0,0
34202.682454219,233,cancel,sell,16486709,0,0
34202.682455457,234,cancel,sell,16486714,0,0
34202.682477482,235,cancel,sell,16486717,0,0
34202.682720418,236,limit,sell,16497983,5857100,18
34202.682743247,237,limit,sell,16497988,5857200,2
34202.737723008,238,limit,sell,16502634,5857100,100
34202.75688423,239,limit,sell,16504889,5856800,18
34202.756909029,240,limit,sell,16504892,5856900,16
34203.011800486,241,cancel,buy,16488533,0,0
34203.011926972,242,market,buy,10000000032,0,18
34203.011926972,243,market,buy,10000000033,0,16
34203.011926972,244,limit,buy,16527925,5857000,66
34203.011987557,245,cancel,sell,16486693,0,0
34203.011988208,246,cancel,sell,16497956,0,0
34203.011990228,247,cancel,sell,16497960,0,0
34203.011990843,248,cancel,sell,16497988,0,0
34203.012001355,249,cancel,sell,16497983,0,0
34203.012050158,250,market,sell,10000000034,0,66
34203.012287906,251,limit,buy,16527982,5854500,18
34203.08949192,252,limit,sell,16535218,5856800,18
34203.089511576,253,limit,sell,16535225,5856900,18
34203.089539994,254,limit,sell,16535228,5857000,18
34203.089562562,255,limit,sell,16535234,5857100,18
34203.122241619,256,limit,buy,16538191,5854600,10
34203.12232224,257,cancel,buy,16527982,0,0
34203.132689191,258,limit,sell,16539283,5856500,12
34203.295569158,259,market,buy,10000000035,0,12
34203.295569158,260,market,buy,10000000036,0,18
34203.295665697,261,limit,buy,16554356,5854600,18
34203.295815832,262,cancel,sell,16535228,0,0
34203.295825553,263,cancel,sell,16535225,0,0
34203.295826267,264,cancel,sell,16535234,0,0
34203.32184964,265,limit,buy,16556387,5853700,100
34203.32437532,266,limit,buy,16556599,5854700,10
34203.407470515,267,limit,sell,16563530,5856800,18
34203.407505157,268,limit,sell,16563536,5856900,18
34203.407510264,269,limit,sell,16563538,5857000,18
34203.40754895,270,limit,sell,16563541,5857100,16
34203.59994379,271,limit,buy,11599111,5853000,230
34203.59994379,272,limit,buy,13126986,5851700,10
34203.600154641,273,cancel,buy,16538191,0,0
34203.600164031,274,cancel,sell,16563536,0,0
34203.600165108,275,cancel,sell,16563541,0,0
34203.600168005,276,cancel,buy,16554356,0,0
34203.600207608,277,cancel,buy,16556599,0,0
34203.600228364,278,cancel,sell,16563530,0,0
34203.600245629,279,cancel,sell,16563538,0,0
34203.954770435,280,limit,buy,16617159,5854500,18
34204.105356795,281,limit,buy,16632807,5854700,18
34204.105407447,282,limit,buy,16632813,5854600,2
34204.127697885,283,cancel,sell,16502634,0,0
34204.328788797,284,limit,sell,16655686,5857900,16
34204.328820921,285,limit,sell,16655691,5858000,18
34204.328918827,286,cancel,buy,16617159,0,0
34204.328940476,287,cancel,buy,16632807,0,0
34204.328981067,288,cancel,buy,16632813,0,0
34204.36362978,289,limit,buy,16658480,5854700,18
34204.363658209,290,limit,buy,16658483,5854600,18
34204.36368474,291,limit,buy,16658486,5854500,2
34204.398386311,292,limit,sell,16661173,5857600,18
34204.398422624,293,limit,sell,16661182,5857700,18
34204.567472902,294,cancel,buy,16556387,0,0
34204.567646478,295,cancel,sell,16655686,0,0
34204.567665764,296,cancel,buy,16658483,0,0
34204.567667208,297,cancel,sell,16655691,0,0
34204.56766787,298,cancel,buy,16658480,0,0
34204.567694597,299,cancel,buy,16658486,0,0
34204.567695304,300,cancel,sell,16661182,0,0
34204.567732501,301,cancel,sell,16661173,0,0
34204.570825637,302,limit,sell,16675424,5857900,16
34204.570865938,303,limit,sell,16675431,5858000,18
34204.576711342,304,limit,buy,16675936,5854700,100
34204.577104419,305,limit,sell,16675969,5856800,900
34204.62133869,306,limit,sell,16679201,5856700,18
34204.894275109,307,limit,buy,16704576,5855000,18
34204.894370914,308,limit,buy,16704590,5854900,18
34204.894391087,309,limit,buy,16704592,5854800,2
34204.894441721,310,cancel,sell,16675424,0,0
34204.894450815,311,cancel,sell,16675431,0,0
34204.894471165,312,cancel,sell,16679201,0,0
34205.175095396,313,market,buy,10000000037,0,50
34205.175277367,314,cancel,buy,16704576,0,0
34205.175293104,315,cancel,buy,16704590,0,0
34205.175294192,316,cancel,buy,16704592,0,0
34205.181076298,317,limit,sell,16730960,5856800,100
34205.308995297,318,limit,sell,16746392,5856500,18
34205.382317056,319,cancel,sell,16730960,0,0
34205.388462148,320,limit,sell,16752894,5856500,100
34205.734539337,321,market,buy,10000000038,0,18
34205.734539337,322,market,buy,10000000039,0,63
34205.765156633,323,market,buy,10000000040,0,37
34205.765156633,324,market,buy,10000000041,0,263
34205.765257746,325,limit,buy,16779043,5854700,18
34205.765316823,326,limit,buy,16779073,5854800,14
34205.766878478,327,market,buy,10000000042,0,132
34205.768387095,328,market,buy,10000000043,0,59
34205.771753648,329,limit,sell,16781704,5856700,18
34206.290141263,330,limit,buy,16818091,5854800,7
34206.29025491,331,cancel,buy,16779043,0,0
34206.290260156,332,cancel,buy,16779073,0,0
34206.290261072,333,cancel,sell,16781704,0,0
34206.290892881,334,limit,buy,16818125,5854800,53
34206.29123036,335,limit,buy,16818137,5854800,52
34206.291527335,336,limit,buy,16818156,5854800,1
34206.291814072,337,limit,buy,16818175,5854800,5
34206.291925675,338,limit,buy,16818181,5854800,45
34206.29195232,339,limit,buy,16818182,5854800,39
34206.292254316,340,limit,buy,16818198,5854800,27
34206.801157647,341,limit,sell,16841958,5856600,18
34206.965510203,342,cancel,sell,16841958,0,0
34207.531993783,343,limit,sell,16879396,5858000,100
34207.94770667,344,cancel,buy,16182629,0,0
34208.041353062,345,limit,sell,16898660,5856800,2
34208.48306653,346,limit,buy,16914630,5854900,100
34208.70287486,347,cancel,buy,16818091,0,0
34208.703312634,348,cancel,buy,16818125,0,0
34208.839912684,349,cancel,buy,16818137,0,0
34208.840433832,350,cancel,buy,16818156,0,0
34209.21194364,351,limit,buy,16939575,5854900,42
34209.442705504,352,cancel,buy,16265761,0,0
34209.442788623,353,cancel,buy,16818175,0,0
34209.477500287,354,limit,sell,16948611,5856800,320
34209.481087627,355,limit,sell,16948722,5856800,320
34209.489945829,356,market,buy,10000000044,0,225
34209.494770026,357,limit,buy,16949037,5854900,67
34209.506557426,358,cancel,sell,16948611,0,0
34209.522721597,359,limit,sell,16949716,5856800,320
34209.525706867,360,cancel,buy,16818181,0,0
34209.54252448,361,market,buy,10000000045,0,28
34209.542622307,362,limit,buy,16950346,5855000,18
34209.780716781,363,market,sell,10000000046,0,18
34209.780716781,364,market,sell,10000000047,0,100
34209.780716781,365,market,sell,10000000048,0,42
34209.780716781,366,market,sell,10000000049,0,40
34209.780806936,367,limit,sell,16957682,5856800,18
34209.780840766,368,limit,sell,16957685,5856700,18
34209.784078285,369,market,sell,10000000050,0,27
34209.786185996,370,market,sell,10000000051,0,39
34209.786185996,371,market,sell,10000000052,0,27
34209.786185996,372,market,sell,10000000053,0,34
34209.786266076,373,limit,sell,16958115,5856600,2
34209.801542957,374,cancel,buy,16675936,0,0
34209.808502833,375,limit,buy,16958771,5854900,66
34209.828774041,376,market,sell,10000000054,0,66
34209.828774041,377,market,sell,10000000055,0,34
34209.829435704,378,limit,sell,16959555,5856600,169
34209.830562764,379,cancel,sell,16959555,0,0
34209.831705108,380,limit,sell,16959614,5856600,169
34209.832801235,381,cancel,sell,16959614,0,0
34209.833894341,382,limit,sell,16959673,5856600,169
34209.834919765,383,cancel,sell,16959673,0,0
34210.047332639,384,limit,buy,16972144,5854700,18
34210.047372286,385,limit,buy,16972157,5854600,4
34210.047425375,386,limit,sell,16972164,5859100,200
34210.047452914,387,cancel,sell,16957682,0,0
34210.047459699,388,cancel,sell,16957685,0,0
34210.047460295,389,cancel,sell,16958115,0,0
34210.131535502,390,limit,sell,16979328,5856500,18
34210.131547656,391,limit,sell,16979334,5856600,18
34210.131572528,392,limit,sell,16979338,5856700,18
34210.131592927,393,limit,sell,16979339,5856800,18
34210.241147562,394,cancel,sell,16948722,0,0
34210.241247257,395,cancel,buy,16972144,0,0
34210.241257287,396,cancel,buy,16972157,0,0
34210.526653673,397,cancel,sell,16972164,0,0
34210.526785368,398,cancel,sell,16979338,0,0
34210.526789429,399,cancel,sell,16979334,0,0
34210.526792927,400,cancel,sell,16979328,0,0
34210.526810312,401,cancel,sell,16979339,0,0
34210.632267021,402,limit,sell,17011325,5856600,18
34210.756845815,403,limit,sell,17020774,5856600,320
34210.75693317,404,cancel,sell,17011325,0,0
34210.763367426,405,cancel,sell,16949716,0,0
34210.847553594,406,limit,sell,17026393,5856300,18
34210.847585222,407,limit,sell,17026397,5856400,18
34210.847600875,408,limit,sell,17026398,5856500,18
34210.84762826,409,limit,sell,17026405,5856600,18
34210.868110685,410,limit,sell,17027766,5856300,320
34210.90226879,411,limit,sell,17029589,5856100,14
34210.906278764,412,cancel,sell,17020774,0,0
34210.908120663,413,limit,sell,17030071,5856100,320
34210.920070579,414,cancel,sell,17027766,0,0
34211.00434466,415,market,sell,10000000056,0,16
34211.00452784,416,cancel,sell,17026398,0,0
34211.004532651,417,cancel,sell,17026397,0,0
34211.00453353,418,cancel,sell,17026405,0,0
34211.146132928,419,cancel,buy,16249592,0,0
34211.146253781,420,cancel,sell,17026393,0,0
34211.146282398,421,cancel,sell,17029589,0,0
34211.226849977,422,limit,sell,17047419,5855800,18
34211.226890521,423,limit,sell,17047422,5855900,18
34211.226899712,424,limit,sell,17047424,5856000,18
34211.226920551,425,limit,sell,17047425,5856100,18
34211.33328328,426,market,sell,10000000057,0,50
34211.334948467,427,market,sell,10000000058,0,20
34211.334948467,428,market,sell,10000000059,0,2
34211.387958796,429,cancel,sell,16265573,0,0
34211.388085386,430,cancel,sell,17047422,0,0
34211.388086017,431,cancel,sell,17047424,0,0
34211.388089305,432,cancel,sell,17047419,0,0
34211.388104371,433,cancel,sell,17047425,0,0
34211.439240606,434,limit,sell,17055489,5855800,100
34211.506656257,435,limit,sell,17057352,5855800,320
34211.508835733,436,cancel,sell,17030071,0,0
34211.683403235,437,limit,sell,17065496,5855600,320
34211.685481654,438,cancel,sell,17057352,0,0
34212.052057667,439,limit,sell,17077786,5855400,18
34212.052098179,440,limit,sell,17077789,5855500,18
34212.053609867,441,limit,sell,17077932,5855400,320
34212.054205008,442,cancel,sell,17065496,0,0
34212.057109841,443,limit,sell,17078173,5855200,18
34212.057131009,444,limit,sell,17078176,5855300,18
34212.05824151,445,limit,sell,17078284,5855200,320
34212.058727741,446,cancel,sell,17077932,0,0
34212.079852755,447,cancel,sell,16675969,0,0
34212.08008559,448,limit,sell,17079484,5853900,143
34212.080208915,449,market,buy,10000000060,0,143
34212.080287308,450,limit,buy,17079499,5853900,1
34212.081038785,451,limit,sell,17079564,5855200,320
34212.08134726,452,cancel,sell,17078284,0,0
34212.095970517,453,market,sell,10000000061,0,1
34212.130661659,454,cancel,sell,16295892,0,0
34212.130840721,455,limit,sell,17082021,5855400,100
34212.267055429,456,limit,sell,17090001,5855100,320
34212.267181112,457,cancel,sell,17078173,0,0
34212.267184507,458,cancel,sell,17077789,0,0
34212.267188227,459,cancel,sell,17077786,0,0
34212.267189123,460,cancel,sell,17078176,0,0
34212.267930958,461,cancel,sell,17079564,0,0
34212.555647156,462,limit,sell,17099848,5855000,27
34212.557195301,463,limit,sell,17099873,5855000,320
34212.557641708,464,cancel,sell,17090001,0,0
34212.582853636,465,cancel,sell,17099848,0,0
34212.607269431,466,market,sell,10000000062,0,5
34213.897096657,467,limit,sell,17132504,5854300,320
34213.897614022,468,cancel,sell,17099873,0,0
34214.181907793,469,limit,buy,17140921,5853100,18
34214.181954244,470,limit,buy,17140924,5853000,4
34214.313574215,471,limit,sell,17144557,5854200,320
34214.313671934,472,cancel,buy,17140921,0,0
34214.313672671,473,cancel,buy,17140924,0,0
34214.314102131,474,cancel,sell,17132504,0,0
34215.089261118,475,limit,buy,17166135,5853600,100
34215.204460371,476,market,buy,10000000063,0,69
34215.222056281,477,market,buy,10000000064,0,251
34215.222997296,478,limit,sell,17172314,5854300,251
34215.223443124,479,cancel,sell,17172314,0,0
34217.169719861,480,cancel,sell,17082021,0,0
34217.169871376,481,limit,sell,17248317,5855700,100
34217.205484251,482,limit,buy,17249867,5853600,18
34217.205625508,483,market,buy,10000000065,0,88
34217.205639049,484,market,buy,10000000066,0,12
34217.205745954,485,limit,buy,17250016,5853700,4
34217.205932482,486,market,buy,10000000067,0,100
34217.206561301,487,limit,sell,17250485,5855800,59
34217.20671967,488,market,buy,10000000068,0,59
34218.299372333,489,limit,sell,17293774,5856700,18
34218.299456108,490,cancel,buy,17249867,0,0
34218.457787528,491,limit,sell,17300494,5856400,18
34218.457815865,492,limit,sell,17300495,5856500,18
34218.457835621,493,limit,sell,17300497,5856600,18
34218.457910779,494,cancel,buy,17250016,0,0
34219.279164832,495,limit,sell,17324274,5856400,18
34219.27929371,496,cancel,sell,17300495,0,0
34219.279294981,497,cancel,sell,17293774,0,0
34219.279296576,498,cancel,sell,17300497,0,0
34219.320087956,499,limit,sell,17325121,5856300,18
34219.347161993,500,limit,sell,17325702,5859900,100
34219.517076244,501,limit,sell,17329817,5854400,44
34219.51720018,502,market,buy,10000000069,0,44
34219.517282398,503,cancel,sell,17300494,0,0
34219.517286917,504,cancel,sell,17324274,0,0
34219.517301103,505,cancel,sell,17325121,0,0
34219.517343909,506,limit,sell,17329859,5856200,18
34219.517476892,507,cancel,sell,17329859,0,0
34219.517830407,508,limit,sell,17329912,5856800,18
34219.517859255,509,limit,sell,17329915,5856700,18
34219.517901648,510,limit,sell,17329922,5856500,8
34219.524768526,511,limit,buy,17331198,5853600,18
34219.530966388,512,limit,sell,17332747,5856500,18
34219.54078667,513,limit,sell,17334022,5856200,18
34219.540815868,514,limit,sell,17334023,5856300,8
34220.114770695,515,limit,buy,17354342,5854100,100
34220.114921446,516,cancel,buy,17331198,0,0
34220.114928735,517,cancel,sell,17329915,0,0
34220.114929361,518,cancel,sell,17329912,0,0
34220.114929923,519,cancel,sell,17329922,0,0
34220.114948979,520,cancel,sell,17332747,0,0
34220.114977592,521,cancel,sell,17334023,0,0
34220.270330299,522,limit,sell,17359068,5856100,14
34221.023828585,523,limit,sell,17382133,5855800,18
34221.023900076,524,limit,sell,17382136,5856100,18
34221.023975391,525,cancel,sell,17334022,0,0
34222.480233188,526,market,sell,10000000070,0,100
34222.480409206,527,cancel,sell,17382133,0,0
34222.480410913,528,cancel,sell,17359068,0,0
34222.480429642,529,cancel,sell,17382136,0,0
34222.670364787,530,limit,buy,17433600,5854000,100
34223.052115679,531,limit,buy,17443748,5854000,18
34223.052156873,532,limit,buy,17443753,5854100,4
34223.064575892,533,limit,buy,17444108,5854300,35
34223.272881711,534,limit,sell,17451852,5856800,18
34223.272916778,535,limit,sell,17451856,5856700,18
34223.273008597,536,cancel,buy,17443748,0,0
34223.273010993,537,cancel,buy,17443753,0,0
34224.087888963,538,cancel,buy,13126986,0,0
34224.087987753,539,cancel,sell,17451856,0,0
34224.087990258,540,cancel,sell,17451852,0,0
34224.132878929,541,limit,buy,17473627,5853700,100
34224.330892941,542,cancel,buy,17433600,0,0
34224.336665396,543,limit,buy,17478659,5849900,100
34225.019786766,544,limit,buy,17494351,5854600,18
34225.019831763,545,limit,buy,17494356,5854500,4
34226.365315407,546,limit,buy,17533841,5853600,125
34226.36541877,547,cancel,buy,17494356,0,0
34226.365420435,548,cancel,buy,17494351,0,0
34226.452728871,549,cancel,buy,17444108,0,0
34226.533704582,550,limit,sell,17537269,5856500,18
34226.533737902,551,limit,sell,17537270,5856600,18
34226.533765379,552,limit,sell,17537271,5856700,18
34226.533782079,553,limit,sell,17537272,5856800,18
34226.825396211,554,cancel,sell,15888689,0,0
34226.82587868,555,cancel,sell,15826429,0,0
34226.82600289,556,cancel,sell,17537271,0,0
34226.826003805,557,cancel,sell,17537269,0,0
34226.826009596,558,cancel,sell,17537270,0,0
34226.826010048,559,cancel,sell,17537272,0,0
34226.974302106,560,limit,sell,17547517,5856500,18
34226.974333298,561,limit,sell,17547518,5856600,18
34226.974363106,562,limit,sell,17547519,5856700,18
34226.974382536,563,limit,sell,17547520,5856800,18
34227.437330595,564,limit,buy,17564371,5854700,100
34227.437463631,565,cancel,sell,17547520,0,0
34227.437464155,566,cancel,sell,17547519,0,0
34227.437468645,567,cancel,sell,17547517,0,0
34227.43746982,568,cancel,sell,17547518,0,0
34227.449996974,569,limit,sell,17564594,5856500,18
34227.450023472,570,limit,sell,17564597,5856600,18
34227.450056581,571,limit,sell,17564599,5856700,18
34227.450088595,572,limit,sell,17564600,5856800,18
34227.595283027,573,limit,sell,17572155,5856400,14
34227.595411874,574,cancel,sell,17564600,0,0
34227.595415722,575,cancel,sell,17564594,0,0
34227.595417519,576,cancel,sell,17564597,0,0
34227.595418034,577,cancel,sell,17564599,0,0
34227.608626385,578,limit,buy,17573984,5855000,18
34227.731684828,579,limit,buy,17592758,5855300,6
34227.731849051,580,cancel,sell,17572155,0,0
34227.732213652,581,market,buy,10000000071,0,2
34227.732521213,582,limit,buy,17593372,5855300,4
34227.732533703,583,limit,sell,17593380,5857900,18
34228.06976112,584,cancel,buy,17573984,0,0
34228.069763888,585,cancel,sell,17593380,0,0
34228.076445351,586,limit,sell,17630168,5858000,18
34228.076486999,587,limit,buy,17630174,5855400,18
34228.977296262,588,limit,sell,17664948,5857900,10
34228.977434098,589,cancel,buy,17630174,0,0
34228.977444304,590,cancel,buy,17592758,0,0
34228.977445276,591,cancel,buy,17593372,0,0
34228.977467848,592,cancel,sell,17630168,0,0
34229.468992439,593,limit,buy,17682589,5855000,18
34229.46905665,594,limit,buy,17682594,5854900,8
34229.469103907,595,cancel,sell,17664948,0,0
34229.482287293,596,limit,sell,17682924,5857700,18
34229.482366831,597,limit,sell,17682933,5857800,18
34229.482367916,598,limit,sell,17682934,5858000,18
34229.48237716,599,limit,sell,17682935,5857900,18
34229.582267282,600,limit,buy,17685739,5854200,100
34229.582360137,601,cancel,buy,17682589,0,0
34229.582361218,602,cancel,buy,17682594,0,0
34229.950358396,603,limit,buy,17696306,5854900,18
34229.950383153,604,limit,buy,17696310,5854800,8
34229.950504051,605,cancel,sell,17682933,0,0
34229.950512807,606,cancel,sell,17682924,0,0
34229.950532951,607,cancel,sell,17682935,0,0
34229.950534712,608,cancel,sell,17682934,0,0
34229.984817677,609,limit,sell,17698596,5857700,18
34229.984849086,610,limit,sell,17698599,5857800,18
34229.984876079,611,limit,sell,17698600,5857900,18
34229.984898765,612,limit,sell,17698602,5858000,18
34230.185672925,613,limit,buy,17708793,5855000,70
34230.185809299,614,cancel,sell,17698596,0,0
34230.185810304,615,cancel,buy,17696310,0,0
34230.185810756,616,cancel,sell,17698602,0,0
34230.185823624,617,cancel,sell,17698599,0,0
34230.185824209,618,cancel,sell,17698600,0,0
34230.26534354,619,limit,buy,17712744,5855200,8
34230.265433878,620,cancel,buy,17696306,0,0
34230.352536659,621,limit,sell,17715324,5857700,18
34230.352554982,622,limit,sell,17715329,5857800,18
34230.352590294,623,limit,sell,17715335,5857900,18
34230.352604439,624,limit,sell,17715338,5858000,18
34231.363620767,625,limit,buy,17746960,5855500,18
34231.364322465,626,cancel,sell,17715324,0,0
34231.364343256,627,cancel,sell,17715335,0,0
34231.364345473,628,cancel,sell,17715329,0,0
34231.364359872,629,cancel,sell,17715338,0,0
34231.384272617,630,limit,sell,17747860,5858100,200
34231.437453602,631,limit,sell,17753844,5857800,18
34231.437490767,632,limit,sell,17753856,5857900,18
34231.437503968,633,limit,sell,17753862,5858000,18
34231.74844703,634,limit,sell,17766530,5857700,18
34231.748574392,635,cancel,buy,17746960,0,0
34231.748575445,636,cancel,sell,17753856,0,0
34231.748576687,637,cancel,buy,17712744,0,0
34231.748590013,638,cancel,sell,17753862,0,0
34231.780273498,639,limit,buy,17767360,5855200,100
34232.493236945,640,limit,buy,17789587,5855300,18
34232.493277549,641,limit,buy,17789601,5855200,8
34232.493401043,642,cancel,sell,17753844,0,0
34232.493421468,643,cancel,sell,17766530,0,0
34232.507320896,644,limit,sell,17790217,5857700,18
34232.507333587,645,limit,sell,17790219,5857800,18
34232.507365295,646,limit,sell,17790220,5857900,18
34232.507401074,647,limit,sell,17790222,5858000,18
34232.799047587,648,cancel,buy,17166135,0,0
34232.799200251,649,cancel,sell,17790219,0,0
34232.799202266,650,cancel,buy,17789601,0,0
34232.799204526,651,cancel,buy,17789587,0,0
34232.799217657,652,cancel,sell,17790220,0,0
34232.799220303,653,cancel,sell,17790222,0,0
34232.799220946,654,cancel,sell,17790217,0,0
34233.00537675,655,limit,sell,17804761,5857700,18
34233.005410703,656,limit,sell,17804763,5857800,18
34233.005433439,657,limit,sell,17804765,5857900,18
34233.005460017,658,limit,sell,17804769,5858000,18
34233.465320818,659,cancel,buy,17767360,0,0
34233.465442717,660,cancel,sell,17804763,0,0
34233.4654437,661,cancel,sell,17804765,0,0
34233.465445276,662,cancel,sell,17804761,0,0
34233.465464358,663,cancel,sell,17804769,0,0
34233.465868311,664,limit,buy,17825130,5855300,18
34233.465910853,665,limit,buy,17825141,5855200,8
34233.612153047,666,limit,sell,17830372,5857700,18
34233.612179981,667,limit,sell,17830375,5857800,18
34233.612199289,668,limit,sell,17830380,5857900,18
34233.612241792,669,limit,sell,17830388,5858000,18
34233.612319242,670,cancel,buy,17825141,0,0
34233.612319978,671,cancel,buy,17825130,0,0
34233.615478295,672,limit,sell,17830943,5857400,12
34233.75039403,673,limit,buy,17835363,5855300,18
34233.750434268,674,limit,buy,17835367,5855200,8
34233.750560268,675,cancel,sell,17830375,0,0
34233.750561789,676,cancel,sell,17830388,0,0
34233.75057218,677,cancel,sell,17830372,0,0
34233.750574073,678,cancel,sell,17830943,0,0
34233.750602162,679,cancel,sell,17830380,0,0
34233.868678023,680,limit,sell,17838491,5857700,18
34233.86875118,681,limit,sell,17838502,5857800,18
34233.86879145,682,limit,sell,17838509,5857900,18
34233.868800535,683,limit,sell,17838512,5858000,18
34233.868847613,684,cancel,buy,17835363,0,0
34233.868862593,685,cancel,buy,17835367,0,0
34234.093000057,686,limit,sell,17848351,5857400,12
34234.093107402,687,cancel,sell,17838502,0,0
34234.093108461,688,cancel,sell,17838509,0,0
34234.09312394,689,cancel,sell,17838512,0,0
34234.13930768,690,limit,buy,17850111,5855300,18
34234.139341942,691,limit,buy,17850115,5855200,8
34234.279409487,692,limit,sell,17859734,5857200,18
34234.27945908,693,limit,sell,17859746,5857400,18
34234.27957654,694,cancel,buy,17850111,0,0
34234.279579665,695,cancel,sell,17838491,0,0
34234.27959842,696,cancel,buy,17850115,0,0
34234.355328435,697,market,buy,10000000072,0,18
34234.355328435,698,market,buy,10000000073,0,12
34234.355328435,699,market,buy,10000000074,0,13
34234.35541262,700,limit,buy,17865030,5855500,100
34234.35541378,701,limit,buy,17865031,5855000,18
34234.35545013,702,limit,buy,17865034,5855100,18
34234.355492594,703,limit,buy,17865036,5855300,18
34234.385614796,704,market,buy,10000000075,0,5
34234.385689697,705,limit,buy,17866294,5855500,15
34234.385699607,706,limit,buy,17866295,5855600,100
34234.385848212,707,cancel,buy,17865031,0,0
34234.387236237,708,cancel,buy,17865030,0,0
34234.412403907,709,limit,buy,17867721,5855700,18
34234.412502586,710,cancel,buy,17865034,0,0
34234.415602621,711,limit,sell,17868002,5858200,100
34234.416149314,712,cancel,sell,17868002,0,0
34234.541284007,713,cancel,buy,17866295,0,0
34234.54138996,714,cancel,buy,17865036,0,0
34234.541390391,715,cancel,buy,17867721,0,0
34234.541406557,716,cancel,buy,17866294,0,0
34234.554420572,717,limit,buy,17872089,5855300,16
34234.554448499,718,limit,buy,17872091,5855200,18
34234.554488458,719,limit,buy,17872093,5855000,18
34234.742684923,720,limit,sell,17878558,5857700,18
34234.742720337,721,limit,sell,17878562,5857800,18
34234.742740822,722,limit,sell,17878563,5857900,2
34234.742821607,723,cancel,buy,17872091,0,0
34234.742826285,724,cancel,buy,17872089,0,0
34234.74283818,725,cancel,buy,17872093,0,0
34234.754309814,726,limit,buy,17879081,5855300,18
34234.754341372,727,limit,buy,17879083,5855200,18
34234.754367197,728,limit,buy,17879085,5855100,18
34234.75438902,729,limit,buy,17879087,5855000,16
34235.438801141,730,cancel,buy,17685739,0,0
34235.438950075,731,cancel,sell,17878562,0,0
34235.438953097,732,cancel,sell,17878558,0,0
34235.438959651,733,cancel,sell,17878563,0,0
34235.438961309,734,cancel,buy,17879085,0,0
34235.438965836,735,cancel,buy,17879081,0,0
34235.438967018,736,cancel,buy,17879083,0,0
34235.438978997,737,cancel,buy,17879087,0,0
34235.62807555,738,limit,buy,17908561,5855300,12
34235.628110184,739,limit,buy,17908565,5855200,18
34235.62817173,740,limit,buy,17908572,5855000,18
34235.707574115,741,limit,sell,17910678,5857700,18
34235.707639919,742,limit,sell,17910701,5857800,18
34235.707677566,743,limit,sell,17910716,5857900,6
34235.925124202,744,limit,buy,17918246,5855600,18
34235.925263133,745,cancel,buy,17908565,0,0
34235.9252711,746,cancel,buy,17908572,0,0
34235.925272852,747,cancel,sell,17910716,0,0
34235.925284415,748,cancel,sell,17910678,0,0
34235.925285075,749,cancel,sell,17910701,0,0
34235.953491973,750,limit,sell,17919096,5857900,18
34235.955210636,751,limit,sell,17919178,5857400,100
34236.957055345,752,limit,buy,17945311,5855100,200
34236.95717014,753,cancel,buy,17908561,0,0
34236.957172012,754,cancel,sell,17919096,0,0
34236.957173349,755,cancel,buy,17918246,0,0
34237.023415106,756,limit,buy,17947447,5855400,18
34237.023448172,757,limit,buy,17947450,5855300,18
34237.023478908,758,limit,buy,17947453,5855200,18
34237.023501323,759,limit,buy,17947454,5855100,12
34237.295363936,760,limit,sell,17957381,5857300,100
34237.295489481,761,cancel,buy,17947450,0,0
34237.295497905,762,cancel,buy,17947447,0,0
34237.295501279,763,cancel,buy,17947453,0,0
34237.295515346,764,cancel,buy,17947454,0,0
34237.32873423,765,limit,buy,17958344,5855400,12
34237.328771974,766,limit,buy,17958347,5855300,18
34237.328795572,767,limit,buy,17958349,5855200,18
34237.328851342,768,limit,buy,17958355,5855100,18
34237.332150367,769,limit,sell,17958433,5860300,100
34238.002904218,770,cancel,sell,17919178,0,0
34238.003039768,771,cancel,buy,17958355,0,0
34238.003042941,772,cancel,buy,17958349,0,0
34238.003059067,773,cancel,buy,17958344,0,0
34238.003090749,774,cancel,buy,17958347,0,0
34238.134767445,775,limit,buy,17990493,5854400,35
34238.384242822,776,limit,buy,17997929,5855400,18
34238.384286491,777,limit,buy,17997934,5855300,18
34238.384331199,778,limit,buy,17997939,5855200,18
34238.384377174,779,limit,buy,17997943,5855100,12
34239.262268134,780,market,sell,10000000076,0,18
34239.262348214,781,limit,sell,18022350,5857300,18
34239.262395866,782,limit,sell,18022357,5857200,18
34239.262519876,783,cancel,buy,17997939,0,0
34239.262521012,784,cancel,buy,17997943,0,0
34239.262524039,785,cancel,buy,17997934,0,0
34239.263611981,786,cancel,sell,17957381,0,0
34239.721464369,787,limit,sell,18033051,5856900,18
34239.721519587,788,limit,sell,18033053,5857100,6
34239.721593584,789,cancel,sell,18022350,0,0
34240.595110177,790,cancel,sell,18022357,0,0
34240.595112312,791,cancel,sell,18033053,0,0
34241.017802809,792,limit,buy,18064129,5851500,300
34242.087302783,793,market,sell,10000000077,0,80
34242.087393998,794,limit,sell,18091848,5856800,18
34242.095295299,795,limit,sell,18092077,5855200,300
34242.095405551,796,market,sell,10000000078,0,120
34242.095412434,797,market,sell,10000000079,0,70
34242.095512159,798,market,sell,10000000080,0,100
34242.095603971,799,limit,sell,18092101,5855100,100
34242.095740199,800,limit,buy,18092111,5854700,100
34242.0960365,801,market,sell,10000000081,0,100
34242.09605977,802,market,sell,10000000082,0,35
34242.125978297,803,market,sell,10000000083,0,100
34242.126058021,804,limit,sell,18092945,5855000,100
34242.128493057,805,cancel,sell,18092101,0,0
34242.281282536,806,cancel,sell,18092945,0,0
34242.281388814,807,cancel,sell,18091848,0,0
34242.281391065,808,cancel,sell,18033051,0,0
34242.320906583,809,limit,sell,18097822,5854900,6
34242.32093606,810,limit,sell,18097823,5855000,18
34242.320966286,811,limit,sell,18097824,5855100,18
34242.320974264,812,limit,sell,18097825,5855200,18
34242.391116126,813,limit,buy,18099252,5853700,18
34242.537922535,814,market,sell,10000000084,0,18
34242.538131248,815,cancel,sell,18097823,0,0
34242.538131706,816,cancel,sell,18097822,0,0
34242.538133219,817,cancel,sell,18097824,0,0
34242.538135946,818,cancel,sell,18097825,0,0
34242.539574882,819,market,sell,10000000085,0,125
34242.540036758,820,limit,sell,18102098,5855200,18
34242.540075221,821,limit,sell,18102100,5855100,6
34242.542601317,822,limit,buy,18102164,5853000,100
34242.935112958,823,market,sell,10000000086,0,49
34242.935273246,824,cancel,sell,18102098,0,0
34242.935275142,825,cancel,sell,18102100,0,0
34243.161699972,826,limit,sell,18117815,5855200,18
34243.161737757,827,limit,sell,18117818,5855100,18
34243.452960619,828,market,sell,10000000087,0,50
34243.453129075,829,cancel,sell,18117815,0,0
34243.453130097,830,cancel,sell,18117818,0,0
34243.467275681,831,market,sell,10000000088,0,100
34243.467353715,832,limit,sell,18126374,5855200,18
34243.467384164,833,limit,sell,18126376,5855100,18
34243.678623646,834,limit,buy,18129982,5853000,19
34243.678719321,835,cancel,sell,18126376,0,0
34243.678727602,836,cancel,sell,18126374,0,0
34244.070699969,837,limit,sell,18138348,5854900,18
34244.070740541,838,limit,sell,18138352,5855000,18
34244.070758245,839,limit,sell,18138353,5855100,18
34244.07079111,840,limit,sell,18138355,5855200,18
34245.281721068,841,limit,buy,18173780,5853100,18
34245.281805592,842,limit,buy,18173787,5853100,100
34245.281874419,843,cancel,sell,18138348,0,0
34245.281878263,844,cancel,sell,18138353,0,0
34245.281878888,845,cancel,sell,18138355,0,0
34245.281887785,846,cancel,sell,18138352,0,0
34245.282410072,847,cancel,buy,18102164,0,0
34245.688976615,848,cancel,buy,18173780,0,0
34245.691221857,849,cancel,buy,18129982,0,0
34245.694186907,850,limit,buy,18185336,5853200,19
34245.694267426,851,limit,buy,18185345,5853200,100
34245.694773331,852,cancel,buy,18173787,0,0
34246.689153933,853,cancel,buy,18185336,0,0
34246.689354442,854,market,sell,10000000089,0,100
34246.689431471,855,limit,sell,18206947,5855200,18
34246.689441034,856,limit,sell,18206949,5854800,100
34246.693961421,857,limit,buy,18207015,5851600,21
34246.779185361,858,market,sell,10000000090,0,31
34246.779265451,859,limit,sell,18210016,5854800,18
34246.779299836,860,limit,sell,18210021,5854700,18
34246.779330868,861,limit,buy,18210024,5851700,18
34246.779363521,862,limit,sell,18210025,5854500,18
34246.841284256,863,cancel,sell,18206949,0,0
34246.84136535,864,cancel,sell,18206947,0,0
34246.945270425,865,limit,buy,18213670,5851400,100
34246.945272329,866,limit,sell,18213671,5855100,100
34246.945391973,867,cancel,sell,18210025,0,0
34246.94539349,868,cancel,sell,18210021,0,0
34246.945393865,869,cancel,sell,18210016,0,0
34246.945394681,870,cancel,buy,18210024,0,0
34246.964670283,871,limit,buy,18214348,5851700,18
34246.964710314,872,limit,buy,18214352,5851600,12
34247.097986134,873,limit,sell,18218461,5855000,18
34247.098052251,874,limit,sell,18218469,5855100,18
34247.098124694,875,cancel,buy,18214348,0,0
34247.098144382,876,cancel,buy,18214352,0,0
34247.340863245,877,limit,buy,18224214,5851900,18
34247.340927427,878,limit,buy,18224223,5851800,12
34247.340994022,879,cancel,sell,18218469,0,0
34247.341026021,880,cancel,sell,18218461,0,0
34247.383864403,881,limit,sell,18225112,5855000,18
34247.383899536,882,limit,sell,18225114,5855100,18
34247.507469814,883,market,buy,10000000091,0,18
34247.507469814,884,market,buy,10000000092,0,100
34247.507469814,885,market,buy,10000000093,0,18
34247.507574573,886,limit,buy,18226846,5852100,100
34247.507651145,887,cancel,buy,18224223,0,0
34247.508404114,888,cancel,buy,18207015,0,0
34247.510722493,889,limit,buy,18226913,5852100,18
34247.510752216,890,limit,buy,18226915,5852200,6
34247.530052989,891,limit,sell,18227280,5855100,100
34247.544222178,892,market,buy,10000000094,0,100
34247.544305082,893,limit,buy,18227609,5852300,100
34247.546721309,894,cancel,buy,18226846,0,0
34247.566058684,895,limit,sell,18228272,5855100,100
34247.573089965,896,market,buy,10000000095,0,100
34247.573089965,897,market,buy,10000000096,0,300
34247.573167083,898,limit,buy,18228408,5852400,100
34247.573192316,899,limit,sell,18228411,5857900,18
34247.575320309,900,cancel,buy,18227609,0,0
34247.594210031,901,limit,sell,18228927,5857600,100
34247.598044896,902,limit,sell,18229080,5857300,18
34247.598086195,903,limit,sell,18229087,5857400,18
34247.598101785,904,limit,sell,18229089,5857500,12
34247.610967564,905,limit,sell,18229427,5857500,100
34247.611945241,906,cancel,sell,18229427,0,0
34247.613549046,907,limit,sell,18229483,5857500,100
34247.616631157,908,cancel,sell,18229483,0,0
34247.618211913,909,limit,sell,18229724,5857500,100
34247.618288557,910,cancel,buy,18224214,0,0
34247.620872939,911,limit,buy,18229784,5853200,100
34247.620964282,912,cancel,buy,18226913,0,0
34247.620968222,913,cancel,buy,18226915,0,0
34247.628944024,914,limit,sell,18230032,5857200,100
34247.629158091,915,cancel,sell,18228927,0,0
34247.682128975,916,limit,buy,18231455,5853500,18
34247.682158318,917,limit,buy,18231458,5853400,18
34247.682176155,918,limit,buy,18231460,5853300,6
34247.73528532,919,cancel,buy,18228408,0,0
34247.735406384,920,cancel,sell,18229089,0,0
34247.735408737,921,cancel,sell,18228411,0,0
34247.735409194,922,cancel,sell,18229080,0,0
34247.735427797,923,cancel,sell,18229087,0,0
34247.736733075,924,cancel,sell,18229724,0,0
34247.738295225,925,limit,sell,18232862,5857100,100
34247.902045434,926,limit,buy,18236207,5856200,18
34247.902146775,927,market,sell,10000000097,0,18
34247.902154799,928,cancel,buy,18231458,0,0
34247.902157166,929,cancel,buy,18231455,0,0
34247.90217879,930,cancel,buy,18231460,0,0
34247.902232593,931,limit,sell,18236214,5857000,100
34247.903051483,932,cancel,sell,18232862,0,0
34247.904658054,933,limit,sell,18236283,5856900,100
34248.05228323,934,cancel,sell,18236214,0,0
34248.114604502,935,limit,sell,18242052,5858500,100
34249.040078264,936,cancel,sell,18236283,0,0
34249.041758793,937,limit,sell,18258361,5857100,100
34249.086375027,938,limit,buy,18259338,5853500,18
34249.086405902,939,limit,buy,18259340,5853400,18
34249.08643965,940,limit,buy,18259346,5853300,6
34249.417873093,941,cancel,buy,18064129,0,0
34249.417976163,942,cancel,buy,18259340,0,0
34249.417987637,943,cancel,buy,18259346,0,0
34249.423825408,944,limit,buy,18272648,5851000,300
34249.492862272,945,limit,buy,18274323,5853800,18
34249.492934032,946,limit,buy,18274330,5853700,6
34251.157902039,947,limit,sell,18313421,5857100,18
34251.158033831,948,cancel,buy,18259338,0,0
34251.158035926,949,cancel,buy,18274330,0,0
34251.444029787,950,limit,buy,18321301,5854100,18
34251.44406288,951,limit,buy,18321302,5854000,6
34251.444127395,952,cancel,sell,18313421,0,0
34251.831481704,953,limit,buy,18328480,5853200,200
34251.831597628,954,cancel,buy,18274323,0,0
34251.831600636,955,cancel,buy,18321302,0,0
34251.831612892,956,cancel,buy,18321301,0,0
34251.913754532,957,cancel,sell,18258361,0,0
34251.915508803,958,limit,sell,18332967,5857100,100
34252.02093313,959,limit,buy,18336905,5853200,18
34252.02096984,960,limit,buy,18336929,5853300,18
34252.02103621,961,limit,buy,18336958,5853500,6
34252.021626408,962,cancel,sell,18332967,0,0
34252.022156013,963,limit,buy,18337445,5856900,100
34252.022317244,964,cancel,buy,18336929,0,0
34252.022318933,965,cancel,buy,18336905,0,0
34252.022322225,966,cancel,buy,18336958,0,0
34252.0223858,967,cancel,sell,18230032,0,0
34252.023086869,968,market,sell,10000000098,0,100
34252.02317969,969,limit,sell,18337841,5857900,100
34252.02318083,970,limit,buy,18337842,5853300,18
34252.024057375,971,limit,buy,18338230,5853600,18
34252.024087083,972,limit,buy,18338252,5853500,6
34252.024204889,973,limit,sell,18338336,5857100,100
34252.026773727,974,limit,buy,18339562,5856900,41
34252.026918731,975,cancel,buy,18338252,0,0
34252.0269252,976,cancel,buy,18337842,0,0
34252.026925524,977,cancel,buy,18338230,0,0
34252.027479853,978,market,buy,10000000099,0,100
34252.027496543,979,limit,sell,18339856,5857200,100
34252.027506825,980,cancel,sell,18337841,0,0
34252.027560191,981,limit,buy,18339877,5853700,100
34252.027766693,982,limit,sell,18339944,5857100,100
34252.028256795,983,market,buy,10000000100,0,100
34252.028379817,984,limit,buy,18340138,5856800,100
34252.028539752,985,limit,sell,18340168,5857100,100
34252.029124925,986,cancel,sell,18339856,0,0
34252.029155928,987,market,sell,10000000101,0,41
34252.029279954,988,cancel,sell,18340168,0,0
34252.029822902,989,limit,sell,18340495,5857900,100
34252.031700628,990,limit,sell,18340899,5857800,100
34252.033272664,991,cancel,sell,18340899,0,0
34252.034560856,992,cancel,sell,18340495,0,0
34252.035272687,993,limit,sell,18342257,5858200,100
34252.11104533,994,limit,sell,18349474,5856900,100
34252.122145247,995,market,buy,10000000102,0,100
34252.12223549,996,limit,buy,18349906,5856800,100
34252.123884829,997,cancel,buy,18339877,0,0
34252.273287034,998,cancel,buy,18349906,0,0
34252.276641887,999,cancel,sell,18342257,0,0
34252.277300879,1000,limit,sell,18355320,5858600,100
34252.501996264,1001,cancel,buy,18340138,0,0
34252.525746894,1002,limit,buy,18360957,5853500,18
34252.525783947,1003,limit,buy,18360960,5853400,18
34252.525835847,1004,limit,buy,18360967,5853300,6
34252.715892505,1005,cancel,sell,17958433,0,0
34252.715984413,1006,cancel,buy,18360960,0,0
34252.715989935,1007,cancel,buy,18360967,0,0
34252.740104901,1008,limit,buy,18364553,5853600,18
34252.740154899,1009,limit,buy,18364557,5853800,6
34253.196123708,1010,limit,buy,18374122,5852300,100
34253.196242217,1011,cancel,buy,18364557,0,0
34253.196243776,1012,cancel,buy,18360957,0,0
34253.196264383,1013,cancel,buy,18364553,0,0
34253.365117533,1014,cancel,sell,18355320,0,0
34253.530188041,1015,limit,sell,18381088,5857700,18
34253.634573129,1016,limit,sell,18382475,5857700,18
34253.634605531,1017,limit,sell,18382476,5857600,18
34253.634636411,1018,limit,buy,18382478,5853300,18
34253.634673231,1019,limit,sell,18382479,5857400,12
34253.637172407,1020,limit,sell,18382521,5856800,100
34253.687804373,1021,limit,buy,18383216,5853600,18
34253.687833691,1022,limit,buy,18383217,5853500,6
34254.526963951,1023,cancel,sell,18382521,0,0
34254.527128838,1024,cancel,sell,18382476,0,0
34254.527134366,1025,cancel,sell,18381088,0,0
34254.527135551,1026,cancel,sell,18382475,0,0
34254.527136131,1027,cancel,sell,18382479,0,0
34254.52714833,1028,cancel,buy,18383216,0,0
34254.527151149,1029,cancel,buy,18383217,0,0
34254.527152184,1030,cancel,buy,18382478,0,0
34254.528583347,1031,limit,sell,18400127,5856800,100
34254.624247511,1032,limit,buy,18401824,5850000,50
34254.631582097,1033,limit,sell,18401954,5856500,1000
34255.343252632,1034,limit,buy,18415422,5852000,200
34255.3596057,1035,cancel,sell,17325702,0,0
34256.19063387,1036,market,buy,10000000103,0,20
34256.190719401,1037,limit,buy,18430075,5853200,18
34256.190756615,1038,limit,buy,18430078,5853300,18
34256.190807809,1039,limit,buy,18430082,5853500,6
34256.191559618,1040,cancel,sell,18400127,0,0
34256.19319428,1041,limit,sell,18430131,5856500,100
34256.584770476,1042,limit,sell,18435674,5856400,100
34256.584868415,1043,cancel,buy,18430075,0,0
34256.584871126,1044,cancel,buy,18430078,0,0
34256.585857323,1045,market,buy,10000000104,0,100
34256.585924316,1046,limit,buy,18435728,5853500,18
34256.585936731,1047,limit,buy,18435729,5853600,100
34256.58596536,1048,limit,buy,18435733,5853600,6
34256.750276532,1049,cancel,buy,18435729,0,0
34256.750383635,1050,cancel,buy,18435733,0,0
34256.750384117,1051,cancel,buy,18430082,0,0
34256.750399994,1052,cancel,buy,18435728,0,0
34256.960845789,1053,limit,buy,18444308,5853500,18
34256.960874586,1054,limit,buy,18444311,5853400,18
34256.960912588,1055,limit,buy,18444314,5853300,6
34256.971417778,1056,limit,buy,18445709,5855700,35
34256.971524648,1057,cancel,buy,18444308,0,0
34256.971532417,1058,cancel,buy,18444311,0,0
34256.971549592,1059,cancel,buy,18444314,0,0
34256.971971766,1060,market,sell,10000000105,0,35
34256.972053393,1061,limit,sell,18445746,5856400,100
34256.972065621,1062,limit,buy,18445749,5853300,14
34256.973616558,1063,cancel,sell,18430131,0,0
34256.973931204,1064,limit,buy,18445916,5852900,100
34256.973968902,1065,cancel,buy,18213670,0,0
34257.005572647,1066,limit,sell,18446625,5856100,18
34257.005603723,1067,limit,sell,18446627,5856200,18
34257.005635317,1068,limit,sell,18446630,5856300,18
34257.005654361,1069,limit,sell,18446631,5856400,12
34257.033394971,1070,limit,buy,18447705,5853600,18
34257.033423749,1071,limit,buy,18447706,5853500,10
34257.082338684,1072,cancel,buy,18445916,0,0
34257.08298918,1073,limit,buy,18448814,5852400,100
34257.130129281,1074,cancel,sell,18445746,0,0
34257.130242807,1075,cancel,sell,18446625,0,0
34257.130246705,1076,cancel,sell,18446627,0,0
34257.130249903,1077,cancel,sell,18446630,0,0
34257.130250421,1078,cancel,sell,18446631,0,0
34257.134145042,1079,cancel,buy,18448814,0,0
34257.577308273,1080,cancel,buy,18447706,0,0
34257.577308924,1081,cancel,buy,18445749,0,0
34257.635637197,1082,limit,sell,18460556,5856200,18
34257.635668218,1083,limit,sell,18460560,5856300,18
34257.635711793,1084,limit,sell,18460564,5856500,12
34257.635718679,1085,limit,sell,18460565,5856400,18
34257.725580772,1086,limit,buy,18462798,5853900,18
34257.725620834,1087,limit,buy,18462803,5853800,6
34258.199764617,1088,limit,sell,18475910,5857200,100
34258.199922231,1089,cancel,buy,18447705,0,0
34258.199928727,1090,cancel,sell,18460556,0,0
34258.199929254,1091,cancel,sell,18460560,0,0
34258.1999297,1092,cancel,sell,18460565,0,0
34258.199942328,1093,cancel,buy,18462798,0,0
34258.199954264,1094,cancel,sell,18460564,0,0
34258.199971706,1095,cancel,buy,18462803,0,0
34258.201899757,1096,limit,buy,18475976,5853200,18
34258.201939596,1097,limit,buy,18475980,5853300,18
34258.201977896,1098,limit,buy,18475984,5853500,6
34258.268123635,1099,limit,buy,18477996,5850500,100
34258.779917044,1100,limit,sell,18493677,5856200,18
34258.779955942,1101,limit,sell,18493684,5856300,18
34258.779962784,1102,limit,sell,18493685,5856400,18
34258.779987847,1103,limit,sell,18493689,5856500,12
34258.780095812,1104,cancel,buy,18475984,0,0
34258.780097936,1105,cancel,buy,18475976,0,0
34258.780098564,1106,cancel,buy,18475980,0,0
34259.263556695,1107,limit,buy,18506481,5853500,18
34259.263601122,1108,limit,buy,18506484,5853400,18
34259.263630335,1109,limit,buy,18506489,5853300,6
34259.263724378,1110,cancel,sell,18493684,0,0
34259.263725561,1111,cancel,sell,18493689,0,0
34259.263726836,1112,cancel,sell,18493677,0,0
34259.263748965,1113,cancel,sell,18493685,0,0
34259.575196354,1114,limit,sell,18514142,5856200,18
34259.575225108,1115,limit,sell,18514146,5856300,18
34259.575254395,1116,limit,sell,18514148,5856400,18
34259.57525813,1117,limit,sell,18514149,5856500,12
34259.575371986,1118,cancel,buy,18506481,0,0
34259.575378773,1119,cancel,buy,18506484,0,0
34259.57539608,1120,cancel,buy,18506489,0,0
34259.705453799,1121,limit,buy,18517387,5853500,18
34259.70549548,1122,limit,buy,18517392,5853400,18
34259.705516028,1123,limit,buy,18517395,5853300,6
34259.705624488,1124,cancel,sell,18514142,0,0
34259.705630111,1125,cancel,sell,18514146,0,0
34259.705631624,1126,cancel,sell,18514149,0,0
34259.705635005,1127,cancel,sell,18514148,0,0
34259.714077542,1128,limit,sell,18518989,5856400,100
34259.719379992,1129,cancel,sell,18518989,0,0
34259.721910965,1130,limit,sell,18521567,5856400,100
34259.726523371,1131,limit,buy,18522395,5856000,84
34259.72666333,1132,cancel,buy,18517392,0,0
34259.726670893,1133,cancel,buy,18517387,0,0
34259.726691493,1134,cancel,buy,18517395,0,0
34259.728897981,1135,market,buy,10000000106,0,100
34259.728979308,1136,limit,buy,18522857,5855100,100
34259.729111006,1137,limit,sell,18522880,5856400,100
34259.729250575,1138,market,buy,10000000107,0,100
34259.729508202,1139,limit,sell,18522935,5856400,100
34259.729520767,1140,market,buy,10000000108,0,60
34259.729710872,1141,market,sell,10000000109,0,84
34259.729789444,1142,limit,sell,18522971,5856400,100
34259.729791913,1143,limit,sell,18522973,5856400,100
34259.730597142,1144,cancel,sell,18522973,0,0
34259.730600451,1145,cancel,sell,18522935,0,0
34259.732872091,1146,limit,sell,18523236,5856300,100
34259.878295675,1147,cancel,buy,18522857,0,0
34259.878306011,1148,cancel,sell,18522971,0,0
34259.879636824,1149,limit,buy,18528723,5853000,100
34259.893064763,1150,cancel,buy,18528723,0,0
34259.893721149,1151,limit,buy,18528958,5852100,100
34259.896048489,1152,market,buy,10000000110,0,100
34259.896127721,1153,limit,buy,18528991,5853200,18
34259.896130213,1154,limit,buy,18528992,5853300,100
34259.896164053,1155,limit,buy,18528997,5853300,18
34259.896220718,1156,limit,buy,18529001,5853500,6
34259.896303576,1157,limit,sell,18529003,5856300,100
34259.903313208,1158,limit,sell,18529133,5856000,18
34259.903341229,1159,limit,sell,18529134,5856100,18
34259.903375743,1160,limit,sell,18529137,5856200,18
34259.90338676,1161,limit,sell,18529139,5856300,12
34259.905336332,1162,limit,buy,18529243,5852600,100
34259.905366107,1163,cancel,buy,18528958,0,0
34259.933213123,1164,market,buy,10000000111,0,18
34259.933213123,1165,market,buy,10000000112,0,18
34259.933213123,1166,market,buy,10000000113,0,18
34259.933213123,1167,market,buy,10000000114,0,7
34259.933302666,1168,limit,buy,18529941,5853600,100
34259.933456906,1169,limit,sell,18529953,5856300,100
34259.9365418,1170,cancel,buy,18528992,0,0
34259.967070246,1171,limit,buy,18530637,5853900,18
34259.967096555,1172,limit,buy,18530638,5853800,2
34259.967194179,1173,cancel,buy,18528991,0,0
34259.967194617,1174,cancel,buy,18528997,0,0
34260.08229932,1175,cancel,buy,18529941,0,0
34260.082437243,1176,cancel,buy,18530638,0,0
34260.082442428,1177,cancel,buy,18529001,0,0
34260.082464065,1178,cancel,sell,18529139,0,0
34260.082480027,1179,cancel,buy,18530637,0,0
34260.175056071,1180,cancel,buy,18529243,0,0
34260.175705558,1181,limit,buy,18542146,5852100,100
34260.189910763,1182,market,buy,10000000115,0,84
34260.190017253,1183,limit,buy,18542740,5853200,18
34260.190049327,1184,limit,buy,18542750,5853300,18
34260.1900905,1185,limit,buy,18542764,5853500,18
34260.1901268,1186,limit,buy,18542774,5853400,18
34260.191825424,1187,market,buy,10000000116,0,9
34260.191825424,1188,market,buy,10000000117,0,100
34260.191908736,1189,limit,buy,18542910,5853600,100
34260.191914426,1190,limit,buy,18542911,5853600,2
34260.192087881,1191,limit,sell,18542924,5856300,100
34260.195383205,1192,market,buy,10000000118,0,100
34260.195460987,1193,limit,buy,18543183,5853700,100
34260.195651584,1194,limit,sell,18543197,5856300,100
34260.19654857,1195,cancel,buy,18542910,0,0
34260.350303399,1196,cancel,buy,18543183,0,0
34260.350447079,1197,cancel,buy,18542750,0,0
34260.350450723,1198,cancel,buy,18542774,0,0
34260.35045164,1199,cancel,buy,18542740,0,0
34260.350452604,1200,cancel,buy,18542764,0,0
34260.350472351,1201,cancel,buy,18542911,0,0
34260.371712509,1202,cancel,buy,18542146,0,0
34260.748314925,1203,limit,buy,18568743,5853500,18
34260.748366219,1204,limit,buy,18568747,5853400,18
34260.748380956,1205,limit,buy,18568749,5853300,18
34260.748422539,1206,limit,buy,18568754,5853200,18
34260.939909225,1207,limit,sell,18577181,5856000,18
34260.939934686,1208,limit,sell,18577184,5856100,16
34260.940045704,1209,cancel,buy,18568749,0,0
34260.940046356,1210,cancel,buy,18568743,0,0
34260.940046854,1211,cancel,buy,18568754,0,0
34260.940064642,1212,cancel,buy,18568747,0,0
34261.114798215,1213,limit,sell,18583519,5856500,100
34261.114892424,1214,cancel,sell,18577181,0,0
34261.114893155,1215,cancel,sell,18577184,0,0
34261.12834526,1216,cancel,buy,2114188,0,0
34261.189905579,1217,cancel,buy,2854293,0,0
34261.267491427,1218,limit,buy,18590091,5853500,18
34261.267530537,1219,limit,buy,18590114,5853400,18
34261.267545536,1220,limit,buy,18590119,5853300,18
34261.267590314,1221,limit,buy,18590142,5853200,18
34261.342636256,1222,limit,sell,18594434,5856000,18
34261.342664086,1223,limit,sell,18594435,5856100,16
34261.383116969,1224,cancel,sell,16467671,0,0
34261.383236614,1225,cancel,buy,18590091,0,0
34261.383237408,1226,cancel,buy,18590114,0,0
34261.383242087,1227,cancel,buy,18590119,0,0
34261.383242471,1228,cancel,buy,18590142,0,0
34261.504365576,1229,limit,buy,18599524,5853300,18
34261.504485169,1230,cancel,sell,18594435,0,0
34261.504515167,1231,limit,buy,18599547,5853200,2
34261.50454952,1232,cancel,sell,18594434,0,0
34261.534739258,1233,limit,buy,18600633,5853400,18
34261.80663996,1234,limit,sell,18610124,5856000,18
34261.806646876,1235,limit,sell,18610125,5856100,16
34261.806758312,1236,cancel,buy,18599547,0,0
34261.806759711,1237,cancel,buy,18599524,0,0
34261.806776323,1238,cancel,buy,18600633,0,0
34261.823916735,1239,limit,buy,18610679,5853500,18
34261.823944732,1240,limit,buy,18610681,5853400,18
34261.823975881,1241,limit,buy,18610687,5853300,18
34261.823997729,1242,limit,buy,18610688,5853200,18
34261.824108543,1243,market,buy,10000000119,0,18
34261.824108543,1244,market,buy,10000000120,0,16
34261.824108543,1245,market,buy,10000000121,0,66
34261.824199062,1246,limit,buy,18610723,5853600,2
34261.824211246,1247,limit,buy,18610729,5853600,100
34261.824573955,1248,limit,sell,18610930,5856300,100
34261.826038405,1249,cancel,sell,18543197,0,0
34261.826049243,1250,cancel,sell,18610930,0,0
34261.828016366,1251,limit,sell,18611712,5856400,100
34261.828892354,1252,limit,buy,18611807,5855800,100
34261.829029662,1253,cancel,buy,18610679,0,0
34261.829030781,1254,cancel,buy,18610687,0,0
34261.829031538,1255,cancel,buy,18610688,0,0
34261.829033151,1256,cancel,buy,18610681,0,0
34261.829062881,1257,cancel,buy,18610723,0,0
34261.829204866,1258,limit,buy,18611841,5855800,100
34261.829973322,1259,market,buy,10000000122,0,100
34261.83004683,1260,limit,buy,18611900,5856000,100
34261.830207689,1261,limit,sell,18611910,5856400,100
34261.83041799,1262,market,buy,10000000123,0,30
34261.830675749,1263,market,buy,10000000124,0,70
34261.83075425,1264,limit,sell,18611961,5856400,100
34261.834884247,1265,cancel,buy,18610729,0,0
34261.945966689,1266,market,buy,10000000125,0,11
34261.946245937,1267,limit,sell,18616813,5856400,100
34261.980313977,1268,cancel,buy,18611900,0,0
34262.264793162,1269,cancel,buy,18611841,0,0
34262.292950338,1270,cancel,buy,18611807,0,0
34262.347472593,1271,cancel,sell,18616813,0,0
34262.347495148,1272,cancel,sell,18611961,0,0
34262.348255941,1273,limit,buy,18634303,5852600,100
34262.359308363,1274,cancel,buy,18634303,0,0
34262.359951821,1275,limit,buy,18634707,5852400,100
34262.361791341,1276,cancel,buy,18634707,0,0
34262.368055546,1277,cancel,buy,3171647,0,0
34262.407132265,1278,limit,buy,18636517,5850100,500
34262.530185742,1279,limit,buy,18640622,5852100,100
34262.613399687,1280,cancel,sell,18475910,0,0
34262.614056156,1281,limit,sell,18643319,5857300,100
34262.624474975,1282,cancel,sell,18643319,0,0
34262.659610895,1283,limit,sell,18644548,5856700,100
34262.708802955,1284,limit,buy,18645927,5853200,18
34262.708847497,1285,limit,buy,18645931,5853300,18
34262.708889487,1286,limit,buy,18645933,5853500,18
34262.708920694,1287,limit,buy,18645934,5853400,18
34263.025275358,1288,limit,buy,18655735,5853600,18
34263.025394685,1289,cancel,buy,18645933,0,0
34263.02539603,1290,cancel,buy,18645934,0,0
34263.025396548,1291,cancel,buy,18645927,0,0
34263.025397459,1292,cancel,buy,18645931,0,0
34263.029268535,1293,limit,sell,18655962,5856300,100
34263.141460721,1294,cancel,buy,3172468,0,0
34263.432736842,1295,cancel,buy,3304030,0,0
34263.612316413,1296,limit,buy,18675995,5853700,18
34263.612379235,1297,limit,buy,18676008,5853900,18
34263.612397231,1298,limit,buy,18676011,5853800,18
34263.613130924,1299,cancel,sell,18655962,0,0
34263.614803009,1300,limit,sell,18676119,5856300,100
34264.211684199,1301,limit,buy,18694938,5855900,35
34264.211828139,1302,cancel,buy,18655735,0,0
34264.211833233,1303,cancel,buy,18675995,0,0
34264.211843384,1304,cancel,buy,18676008,0,0
34264.211857864,1305,cancel,buy,18676011,0,0
34264.212574525,1306,market,sell,10000000126,0,35
34264.21267996,1307,limit,buy,18695112,5853300,18
34264.214495961,1308,cancel,sell,18676119,0,0
34264.216159784,1309,limit,sell,18695364,5856300,100
34264.257040523,1310,limit,buy,18696557,5853400,18
34264.257093078,1311,limit,buy,18696562,5853600,18
34264.257121589,1312,limit,buy,18696563,5853500,18
34264.257834777,1313,cancel,sell,18695364,0,0
34264.25944627,1314,limit,sell,18696632,5856300,100
34264.536336941,1315,limit,buy,18702012,5853000,100
34264.536354584,1316,cancel,buy,18640622,0,0
34264.536459399,1317,cancel,buy,18696557,0,0
34264.536465521,1318,cancel,buy,18696562,0,0
34264.536467307,1319,cancel,buy,18695112,0,0
34264.536467869,1320,cancel,buy,18696563,0,0
34264.611582456,1321,limit,buy,18703383,5853500,18
34264.611615502,1322,limit,buy,18703385,5853400,18
34264.611635632,1323,limit,buy,18703387,5853300,18
34264.61165993,1324,limit,buy,18703389,5853200,18
34264.642529378,1325,cancel,sell,18583519,0,0
34264.647981715,1326,limit,sell,18704437,5857800,100
34264.883926554,1327,cancel,sell,18644548,0,0
34264.88405407,1328,cancel,buy,18703389,0,0
34264.884055019,1329,cancel,buy,18703383,0,0
34264.884055412,1330,cancel,buy,18703385,0,0
34264.884055849,1331,cancel,buy,18703387,0,0
34264.884583845,1332,limit,sell,18708685,5857200,100
34265.012575191,1333,limit,sell,18711138,5856200,100
34265.012579487,1334,cancel,sell,18708685,0,0
34265.697706312,1335,limit,buy,18726212,5853500,18
34265.69774865,1336,limit,buy,18726217,5853400,18
34265.697769484,1337,limit,buy,18726218,5853300,18
34265.697789655,1338,limit,buy,18726219,5853200,18
34265.707007203,1339,limit,sell,18726455,5859000,500
34266.016257078,1340,cancel,sell,18711138,0,0
34266.016378836,1341,cancel,buy,18726218,0,0
34266.016390122,1342,cancel,buy,18726212,0,0
34266.016390644,1343,cancel,buy,18726217,0,0
34266.016414152,1344,cancel,buy,18726219,0,0
34266.016899989,1345,limit,sell,18734380,5857200,100
34266.024563792,1346,cancel,sell,18734380,0,0
34266.056037004,1347,limit,buy,18735561,5853500,18
34266.056071531,1348,limit,buy,18735562,5853400,18
34266.056103541,1349,limit,buy,18735563,5853300,18
34266.056136407,1350,limit,buy,18735566,5853200,18
34267.136875118,1351,cancel,sell,18696632,0,0
34267.137012763,1352,cancel,buy,18735561,0,0
34267.137013234,1353,cancel,buy,18735562,0,0
34267.13702424,1354,cancel,buy,18735563,0,0
34267.13702524,1355,cancel,buy,18735566,0,0
34267.13865765,1356,limit,sell,18759190,5856200,100
34267.155097192,1357,limit,buy,18759837,5853500,18
34267.155126171,1358,limit,buy,18759840,5853400,18
34267.155151284,1359,limit,buy,18759841,5853300,18
34267.155171519,1360,limit,buy,18759844,5853200,18
34270.021359911,1361,cancel,sell,18759190,0,0
34270.021484657,1362,cancel,buy,18759840,0,0
34270.021486547,1363,cancel,buy,18759837,0,0
34270.021497428,1364,cancel,buy,18759844,0,0
34270.02150852,1365,cancel,buy,18759841,0,0
34270.023938369,1366,limit,sell,18826632,5854300,80
34270.024882531,1367,cancel,buy,18702012,0,0
34270.025571706,1368,limit,buy,18826798,5852100,100
34270.026598704,1369,limit,sell,18826884,5856200,100
34270.030604846,1370,limit,sell,18827231,5854400,10
34270.030771464,1371,cancel,sell,18827231,0,0
34270.030771464,1372,limit,sell,18827240,5854600,10
34270.04184905,1373,cancel,buy,18826798,0,0
34270.042512792,1374,limit,buy,18828665,5851900,100
34270.085057253,1375,limit,buy,18832369,5853500,18
34270.085100537,1376,limit,buy,18832374,5853400,18
34270.085131884,1377,limit,buy,18832377,5853300,18
34270.08515452,1378,limit,buy,18832380,5853200,18
34270.085255367,1379,cancel,sell,18827240,0,0
34270.085255367,1380,market,sell,10000000127,0,10
34270.085364701,1381,market,sell,10000000128,0,8
34270.085444858,1382,limit,sell,18832394,5855100,100
34270.086147638,1383,cancel,sell,18826884,0,0
34270.104431749,1384,market,sell,10000000129,0,18
34270.106940669,1385,market,sell,10000000130,0,18
34270.107019493,1386,market,sell,10000000131,0,100
34270.107019493,1387,market,sell,10000000132,0,200
34270.107019493,1388,market,sell,10000000133,0,18
34270.107021976,1389,limit,sell,18833464,5855000,100
34270.107440284,1390,limit,buy,18833480,5852400,18
34270.108441914,1391,cancel,sell,18832394,0,0
34270.211279804,1392,cancel,buy,18828665,0,0
34270.211937564,1393,limit,buy,18839130,5851800,100
34270.230930875,1394,market,buy,10000000134,0,80
34270.231008544,1395,limit,buy,18840084,5853100,100
34270.231016058,1396,limit,buy,18840086,5852500,18
34270.231083555,1397,market,buy,10000000135,0,100
34270.231154273,1398,cancel,buy,18833480,0,0
34270.231173629,1399,cancel,buy,18840086,0,0
34270.231795891,1400,limit,sell,18840136,5856600,200
34270.2324598,1401,limit,sell,18840165,5856200,100
34270.233933883,1402,cancel,sell,18840165,0,0
34270.235534103,1403,limit,sell,18840282,5856200,100
34270.242202869,1404,cancel,sell,18840136,0,0
34270.242892609,1405,limit,sell,18840507,5857200,200
34270.248328008,1406,cancel,sell,18840507,0,0
34270.249002626,1407,limit,sell,18840642,5857300,200
34270.256010294,1408,cancel,sell,18840642,0,0
34270.256723393,1409,limit,sell,18840822,5857600,200
34270.257407678,1410,limit,sell,18840835,5855900,18
34270.257436921,1411,limit,sell,18840839,5856000,18
34270.257455178,1412,limit,sell,18840840,5856100,18
34270.257475355,1413,limit,sell,18840841,5856200,18
34270.394294159,1414,cancel,buy,18840084,0,0
34270.394420811,1415,cancel,sell,18840839,0,0
34270.394425398,1416,cancel,sell,18840835,0,0
34270.394425867,1417,cancel,sell,18840840,0,0
34270.394430125,1418,cancel,sell,18840841,0,0
34270.398497887,1419,cancel,sell,18840822,0,100
34270.59946132,1420,limit,buy,18848157,5852300,18
34270.599502601,1421,limit,buy,18848161,5852400,18
34270.600248006,1422,limit,sell,18848190,5857600,100
34270.600305445,1423,cancel,sell,18840282,0,0
34270.601967383,1424,limit,sell,18848243,5856400,100
34270.603030961,1425,cancel,sell,18848190,0,0
34270.606762801,1426,cancel,sell,18840822,0,0
34270.606770644,1427,limit,sell,18848365,5857700,100
34270.607423423,1428,limit,sell,18848375,5857700,100
34271.029030492,1429,limit,buy,18857695,5852900,200
34271.029128612,1430,cancel,buy,18848157,0,0
34271.029129694,1431,cancel,buy,18848161,0,0
34271.029217849,1432,cancel,buy,18839130,0,0
34271.086869628,1433,limit,sell,18859116,5856300,18
34271.094170397,1434,limit,buy,18859424,5853200,18
34271.094188111,1435,limit,buy,18859427,5853100,18
34271.115118315,1436,cancel,sell,18848375,0,0
34271.247409599,1437,limit,sell,18863452,5857500,200
34271.247507601,1438,cancel,sell,18859116,0,0
34271.247508413,1439,cancel,buy,18859427,0,0
34271.247606632,1440,cancel,sell,18848365,0,0
34271.850956071,1441,limit,buy,18879462,5853400,200
34271.851040117,1442,cancel,buy,18859424,0,0
34271.851146176,1443,cancel,buy,18857695,0,0
34272.714961867,1444,cancel,sell,18848243,0,0
34272.715074565,1445,limit,buy,18899057,5853600,100
34272.71666182,1446,limit,sell,18899085,5856400,100
34272.722876875,1447,limit,buy,18899190,5852200,200
34272.821962399,1448,limit,buy,18902482,5853800,18
34272.82199444,1449,limit,buy,18902487,5853600,18
34272.831316933,1450,cancel,sell,18899085,0,0
34272.833504834,1451,limit,sell,18905925,5856400,100
34272.83527646,1452,cancel,sell,18863452,0,0
34272.835953033,1453,limit,sell,18906526,5857700,200
34273.128173619,1454,cancel,buy,18899057,0,0
34273.128260286,1455,cancel,buy,18902487,0,0
34273.137327992,1456,limit,buy,18916805,5854100,18
34273.258724107,1457,limit,sell,18919198,5856300,18
34273.258810429,1458,cancel,buy,18902482,0,0
34273.25881242,1459,cancel,buy,18916805,0,0
34273.408912021,1460,limit,buy,18923822,5853700,18
34273.408940817,1461,limit,buy,18923823,5853600,18
34273.409010038,1462,cancel,sell,18919198,0,0
34273.483747163,1463,cancel,buy,18374122,0,0
34273.688801716,1464,limit,buy,18928927,5853800,100
34273.688819596,1465,cancel,buy,18879462,0,0
34273.688896941,1466,cancel,buy,18923823,0,0
34273.688897358,1467,cancel,buy,18923822,0,0
34273.96974997,1468,limit,buy,18934611,5853900,200
34273.969753393,1469,cancel,buy,18928927,0,0
34273.978291626,1470,limit,buy,18934846,5854000,18
34274.64402051,1471,limit,sell,18948753,5856100,18
34274.644053348,1472,limit,sell,18948754,5856200,18
34274.644080084,1473,limit,sell,18948756,5856300,18
34274.644102406,1474,limit,sell,18948758,5856400,18
34274.644169616,1475,cancel,buy,18934846,0,0
34274.646714937,1476,limit,buy,18948889,5854500,100
34274.651451386,1477,cancel,buy,18948889,0,0
34274.651451386,1478,limit,buy,18949054,5855100,100
34274.651596186,1479,market,sell,10000000136,0,100
34274.651682979,1480,limit,buy,18949077,5854000,18
34276.520277584,1481,limit,buy,18987990,5852400,100
34276.520426834,1482,cancel,sell,18948753,0,0
34276.520427588,1483,cancel,sell,18948754,0,0
34276.520430296,1484,cancel,sell,18948756,0,0
34276.520431607,1485,cancel,sell,18948758,0,0
34276.520459978,1486,cancel,buy,18949077,0,0
34276.740756498,1487,limit,buy,18992668,5853900,18
34276.771794098,1488,cancel,sell,18905925,0,0
34276.773441361,1489,limit,sell,18993161,5856300,100
34277.377258512,1490,market,buy,10000000137,0,100
34277.37729475,1491,limit,buy,19007953,5854000,18
34277.377502838,1492,limit,sell,19007962,5856300,100
34277.378089883,1493,cancel,sell,19007962,0,0
34277.379774706,1494,limit,sell,19008082,5856400,100
34277.381977213,1495,limit,sell,19008186,5856400,100
34277.400647121,1496,limit,sell,19009075,5856400,100
34277.788580618,1497,limit,sell,19026627,5856500,100
34277.78867931,1498,cancel,buy,19007953,0,0
34277.788681693,1499,cancel,buy,18992668,0,0
34277.788764312,1500,cancel,sell,18906526,0,0
34277.799145107,1501,limit,sell,19027288,5856200,18
34277.799183639,1502,limit,sell,19027292,5856300,18
34277.799237134,1503,limit,sell,19027298,5856200,100
34277.799766366,1504,cancel,sell,19008186,0,0
34278.001790938,1505,limit,buy,19033166,5854100,18
34278.001834063,1506,limit,buy,19033169,5853900,18
34278.001914285,1507,cancel,sell,19027288,0,0
34278.00193323,1508,cancel,sell,19027292,0,0
34278.182265802,1509,cancel,sell,19009075,0,0
34278.182363091,1510,cancel,buy,19033166,0,0
34278.18238099,1511,cancel,buy,19033169,0,0
34278.184801559,1512,limit,sell,19039904,5856200,100
34278.185457289,1513,cancel,sell,19039904,0,0
34278.336302196,1514,limit,buy,19043926,5854200,18
34278.336337702,1515,limit,buy,19043929,5854100,18
34278.681703256,1516,limit,buy,19051396,5854300,150
34278.681805991,1517,cancel,buy,19043926,0,0
34278.681806507,1518,cancel,buy,19043929,0,0
34278.68469941,1519,limit,sell,19051433,5856200,100
34278.890369366,1520,cancel,buy,16127688,0,0
34278.890608555,1521,limit,buy,19055241,5854300,18
34278.890641713,1522,limit,buy,19055243,5854400,18
34278.891431176,1523,cancel,sell,19008082,0,0
34278.891627439,1524,market,buy,10000000138,0,100
34278.891627439,1525,market,buy,10000000139,0,37
34278.893068261,1526,limit,sell,19055346,5856300,100
34278.894033402,1527,cancel,sell,19055346,0,0
34278.897509284,1528,limit,sell,19055532,5856300,100
34278.970361074,1529,cancel,sell,19051433,0,0
34278.97270665,1530,limit,sell,19057044,5856100,100
34279.058497334,1531,cancel,sell,19057044,0,0
34279.058597301,1532,cancel,buy,19055243,0,0
34279.05859767,1533,cancel,buy,19055241,0,0
34279.095631498,1534,limit,sell,19060163,5856300,100
34279.100915798,1535,limit,buy,19060279,5854600,18
34279.100930477,1536,limit,buy,19060280,5854500,18
34279.591298663,1537,limit,sell,19068312,5856200,18
34279.591402103,1538,cancel,buy,19060279,0,0
34279.591402582,1539,cancel,buy,19060280,0,0
34279.592117725,1540,cancel,sell,19055532,0,0
34279.593811946,1541,limit,sell,19068371,5856200,100
34279.595467552,1542,cancel,sell,19060163,0,0
34279.612482113,1543,limit,sell,19069058,5856200,100
34279.613966256,1544,cancel,sell,19068371,0,0
34279.615683663,1545,limit,sell,19069153,5856100,100
34279.617010198,1546,cancel,sell,19069058,0,0
34279.963346441,1547,limit,buy,19079059,5854600,18
34279.963386453,1548,limit,buy,19079066,5854500,18
34279.963451913,1549,cancel,sell,19068312,0,0
34279.967802871,1550,limit,sell,19079190,5856100,100
34280.628280182,1551,cancel,buy,19079059,0,0
34280.62828144,1552,cancel,buy,19079066,0,0
34280.629099757,1553,cancel,sell,19069153,0,0
34280.630730875,1554,limit,sell,19094870,5856000,100
34280.63206928,1555,cancel,sell,19079190,0,0
34280.952440239,1556,limit,buy,19101699,5854300,18
34280.952481895,1557,limit,buy,19101702,5854400,18
34280.95329139,1558,cancel,sell,19094870,0,0
34280.955015735,1559,limit,sell,19101756,5856300,100
34280.955880267,1560,limit,sell,19101780,5856000,100
34280.958563022,1561,cancel,sell,19101780,0,0
34281.049755517,1562,cancel,buy,18934611,0,0
34281.050417463,1563,limit,buy,19103847,5853800,100
34281.059552316,1564,cancel,buy,19103847,0,0
34281.059564129,1565,limit,buy,19104119,5853400,100
34281.06022617,1566,limit,buy,19104126,5853400,100
34281.153175782,1567,limit,sell,19107439,5856300,100
34281.15326138,1568,cancel,buy,19101699,0,0
34281.158189681,1569,limit,buy,19107744,5854700,18
34281.171224041,1570,cancel,sell,19101756,0,0
34281.17300783,1571,limit,sell,19108377,5856200,100
34281.311595037,1572,cancel,sell,19107439,0,0
34281.311690015,1573,cancel,buy,19101702,0,0
34281.311696767,1574,cancel,buy,19107744,0,0
34281.313809617,1575,limit,buy,19112281,5854300,18
34281.313845441,1576,limit,buy,19112284,5854400,18
34281.314602817,1577,cancel,sell,19108377,0,0
34281.316153404,1578,limit,sell,19112329,5856300,100
34281.337079037,1579,limit,buy,19112829,5850400,35
34281.344872902,1580,market,buy,10000000140,0,100
34281.345041522,1581,limit,buy,19114185,5854500,100
34281.345224099,1582,limit,sell,19114324,5856300,100
34281.348641172,1583,market,buy,10000000141,0,27
34281.34898398,1584,limit,sell,19116002,5856300,100
34281.350897901,1585,market,buy,10000000142,0,73
34281.350897901,1586,market,buy,10000000143,0,100
34281.351022076,1587,limit,buy,19117016,5854600,100
34281.351223088,1588,limit,sell,19117109,5856300,100
34281.351360262,1589,market,buy,10000000144,0,100
34281.351580205,1590,limit,sell,19117258,5856300,100
34281.356885621,1591,limit,sell,19119043,5856300,100
34281.358313235,1592,cancel,buy,19114185,0,0
34281.362866376,1593,market,buy,10000000145,0,85
34281.363081875,1594,limit,sell,19119958,5856300,100
34281.442335448,1595,cancel,buy,19112829,0,0
34281.450083526,1596,limit,buy,19126333,5854600,35
34281.450166926,1597,cancel,buy,19112281,0,0
34281.461529129,1598,limit,sell,19127217,5856300,100
34281.461610269,1599,cancel,buy,19112284,0,0
34281.660812539,1600,cancel,buy,19126333,0,0
34281.668091247,1601,limit,buy,19133226,5852500,35
34281.698310859,1602,cancel,buy,19117016,0,0
34281.768525735,1603,limit,buy,19136439,5854600,18
34281.768561749,1604,limit,buy,19136440,5854500,18
34281.901338052,1605,cancel,buy,19133226,0,0
34281.90143498,1606,cancel,buy,19136439,0,0
34281.901436182,1607,cancel,buy,19136440,0,0
34281.908846241,1608,limit,buy,19139187,5854700,35
34281.924933784,1609,cancel,sell,19026627,0,0
34281.924942253,1610,limit,sell,19139484,5857700,100
34281.925624505,1611,limit,sell,19139495,5857700,100
34282.109119208,1612,cancel,buy,19139187,0,0
34282.116582566,1613,limit,buy,19144352,5852500,35
34282.442346087,1614,cancel,sell,19119958,0,0
34282.442367796,1615,cancel,sell,19117258,0,0
34282.642863652,1616,cancel,buy,19104126,0,0
34282.64286564,1617,cancel,buy,19104119,0,0
34282.643502034,1618,limit,buy,19154161,5852900,100
34282.643660233,1619,limit,buy,19154168,5852900,100
34282.680357603,1620,limit,buy,19154788,5854400,20
34282.941335287,1621,cancel,buy,19144352,0,0
34282.948378616,1622,limit,buy,19160182,5850400,35
34283.541397954,1623,limit,buy,19169737,5854700,18
34283.541432872,1624,limit,buy,19169739,5854600,18
34283.543353777,1625,limit,sell,19169827,5856200,100
34283.543428075,1626,limit,sell,19169831,5856200,100
34283.545025965,1627,cancel,sell,19119043,0,0
34283.560837638,1628,cancel,sell,19127217,0,0
34283.563717278,1629,limit,sell,19170111,5856200,100
34283.722987642,1630,market,sell,10000000146,0,1
34283.723157769,1631,cancel,buy,19169739,0,0
34283.723160398,1632,cancel,buy,19169737,0,0
34283.723862481,1633,cancel,sell,19169827,0,0
34283.725627228,1634,limit,sell,19172962,5856100,100
34283.725707201,1635,limit,sell,19172969,5856100,100
34283.726125203,1636,cancel,sell,19169831,0,0
34283.758525627,1637,cancel,sell,19170111,0,0
34283.761330751,1638,limit,sell,19173975,5856100,100
34283.936477117,1639,cancel,sell,19172962,0,0
34283.937886139,1640,market,sell,10000000147,0,20
34284.220198526,1641,market,sell,10000000148,0,150
34284.220297219,1642,limit,buy,19182040,5853000,18
34284.220915916,1643,limit,sell,19182051,5856700,200
34284.220942681,1644,cancel,sell,19139484,0,0
34284.220945154,1645,cancel,sell,19139495,0,0
34284.233906555,1646,cancel,buy,19154161,0,0
34284.233909638,1647,cancel,buy,19154168,0,0
34284.234550171,1648,limit,buy,19182246,5852400,100
34284.234830301,1649,limit,buy,19182248,5852400,100
34284.293742431,1650,cancel,sell,19173975,0,0
34284.296709911,1651,limit,sell,19183210,5856000,100
34284.296786976,1652,limit,sell,19183212,5856000,100
34284.297213686,1653,cancel,sell,19172969,0,0
34284.336143811,1654,limit,buy,19185387,5853100,7
34284.337823303,1655,limit,sell,19186476,5855900,100
34284.337926232,1656,limit,sell,19186534,5855900,100
34284.339447752,1657,cancel,sell,19183212,0,0
34284.365546413,1658,cancel,sell,19183210,0,0
34284.367761273,1659,limit,sell,19192216,5855900,100
34284.374245991,1660,limit,sell,19192551,5855600,18
34284.374279029,1661,limit,sell,19192554,5855700,18
34284.374304305,1662,limit,sell,19192558,5855800,18
34284.374313382,1663,limit,sell,19192560,5855600,100
34284.374320852,1664,limit,sell,19192562,5855900,18
34284.374847828,1665,cancel,sell,19186534,0,0
34284.426697721,1666,cancel,sell,19192216,0,0
34284.429358447,1667,limit,sell,19196464,5855600,100
34284.476245747,1668,cancel,buy,19160182,0,0
34284.476343928,1669,cancel,buy,19182040,0,0
34284.476359258,1670,cancel,buy,19185387,0,0
34284.477281902,1671,limit,buy,19198199,5852600,16
34284.524764024,1672,limit,buy,19200640,5852500,35
34284.524892462,1673,cancel,sell,19192554,0,0
34284.524894299,1674,cancel,sell,19192562,0,0
34284.52489753,1675,cancel,sell,19192551,0,0
34284.524898169,1676,cancel,sell,19192558,0,0
34284.537113124,1677,cancel,buy,12040928,0,0
34284.640939527,1678,cancel,buy,19200640,0,0
34284.641022408,1679,cancel,buy,19198199,0,0
34284.644820898,1680,limit,buy,19203759,5852700,18
34284.6448467,1681,limit,buy,19203761,5852600,7
34284.647147708,1682,limit,buy,19203846,5850400,35
34284.88758945,1683,cancel,buy,19182246,0,0
34284.887590191,1684,cancel,buy,19182248,0,0
34284.88768224,1685,cancel,buy,19203759,0,0
34284.887683805,1686,cancel,buy,19203761,0,0
34284.888248644,1687,limit,buy,19208650,5851900,100
34284.888464312,1688,limit,buy,19208658,5851900,100
34284.946556332,1689,limit,buy,19209566,5852700,18
34284.946589212,1690,limit,buy,19209569,5852600,7
34285.051021095,1691,limit,buy,19212652,5852400,200
34285.051202596,1692,cancel,buy,19208658,0,0
34285.051203019,1693,cancel,buy,19208650,0,0
34285.197418618,1694,cancel,buy,19209569,0,0
34285.198216325,1695,cancel,sell,19186476,0,0
34285.200830729,1696,cancel,sell,19196464,0,0
34285.201355899,1697,limit,sell,19216740,5855500,100
34285.20142492,1698,limit,sell,19216741,5855500,100
34285.201909551,1699,cancel,sell,19192560,0,0
34285.203480965,1700,limit,sell,19216769,5855300,100
34285.203550923,1701,limit,sell,19216770,5855300,100
34285.203903801,1702,cancel,sell,19216741,0,0
34285.204262586,1703,cancel,sell,19216769,0,0
34285.250010851,1704,limit,sell,19217497,5855100,100
34285.250087598,1705,limit,sell,19217499,5855100,100
34285.250092475,1706,cancel,buy,19209566,0,0
34285.250565561,1707,cancel,sell,19216770,0,0
34285.251099581,1708,cancel,sell,19217497,0,0
34285.299809209,1709,limit,sell,19218466,5854900,100
34285.299880111,1710,limit,sell,19218468,5854900,100
34285.300371959,1711,cancel,sell,19217499,0,0
34285.300803809,1712,cancel,buy,19212652,0,100
34285.30404353,1713,cancel,buy,19212652,0,0
34285.304053666,1714,limit,buy,19218615,5851900,100
34285.406189784,1715,limit,buy,19221011,5852700,18
34285.406230648,1716,limit,buy,19221014,5852600,7
34285.877657781,1717,limit,sell,19229357,5854800,100
34285.877741937,1718,limit,sell,19229364,5854800,100
34285.877757875,1719,cancel,buy,19221014,0,0
34285.878200665,1720,cancel,sell,19218468,0,0
34285.880386595,1721,cancel,sell,19216740,0,0
34285.882059968,1722,limit,sell,19229548,5854700,100
34285.882143847,1723,limit,sell,19229555,5854700,100
34285.882577204,1724,cancel,sell,19229364,0,0
34285.901952415,1725,limit,buy,19230579,5852800,7
34285.9027525,1726,cancel,sell,19229548,0,0
34285.904455274,1727,limit,sell,19230779,5854600,100
34285.904528302,1728,limit,sell,19230785,5854600,100
34285.905086144,1729,cancel,sell,19229555,0,0
34285.905297476,1730,cancel,sell,19218466,0,0
34285.909107768,1731,limit,sell,19230924,5854600,100
34286.00419078,1732,cancel,sell,19230779,0,0
34286.007637462,1733,limit,buy,19233441,5851900,100
34286.036936351,1734,limit,buy,19234695,5854300,44
34286.037041767,1735,market,sell,10000000149,0,44
34286.037043636,1736,cancel,buy,19221011,0,0
34286.037044193,1737,cancel,buy,19230579,0,0
34286.037225154,1738,limit,buy,19234722,5852700,9
34286.038945934,1739,limit,buy,19234963,5852700,14
34286.041833783,1740,cancel,sell,19230924,0,0
34286.080517867,1741,limit,sell,19238603,5854200,100
34286.080598217,1742,limit,sell,19238606,5854200,100
34286.081039337,1743,cancel,sell,19230785,0,0
34286.254550803,1744,cancel,buy,18987990,0,0
34286.254645484,1745,cancel,buy,19234722,0,0
34286.254646903,1746,cancel,buy,19234963,0,0
34286.257679073,1747,limit,sell,19243431,5854100,100
34286.2577467,1748,limit,sell,19243434,5854100,100
34286.258107278,1749,cancel,sell,19238606,0,0
34286.298880811,1750,cancel,sell,19238603,0,0
34286.301472235,1751,limit,sell,19244156,5854100,100
34286.422989672,1752,limit,buy,19246126,5853800,41
34286.934080152,1753,market,buy,10000000150,0,100
34286.934080152,1754,market,buy,10000000151,0,13
34286.934208574,1755,market,buy,10000000152,0,87
34286.934208574,1756,market,buy,10000000153,0,100
34286.934322993,1757,limit,buy,19258709,5853100,100
34286.934427575,1758,limit,sell,19258724,5854100,100
34286.934455803,1759,market,buy,10000000154,0,100
34286.93468781,1760,limit,sell,19258755,5854100,100
34286.934809117,1761,market,buy,10000000155,0,100
34286.935077877,1762,limit,sell,19258787,5854100,100
34286.935563083,1763,market,buy,10000000156,0,100
34286.935809748,1764,limit,sell,19258839,5854100,100
34286.935852511,1765,market,buy,10000000157,0,50
34286.936080454,1766,limit,sell,19258856,5854100,100
34286.936107146,1767,market,buy,10000000158,0,50
34286.936107146,1768,market,buy,10000000159,0,50
34286.936346975,1769,limit,sell,19258880,5854100,100
34286.936420667,1770,limit,sell,19258884,5856200,200
34286.936462144,1771,cancel,sell,19182051,0,0
34286.95503368,1772,limit,sell,19259402,5854100,100
34286.966554224,1773,market,sell,10000000160,0,41
34286.966554224,1774,market,sell,10000000161,0,42
34286.967414644,1775,cancel,sell,19258856,0,0
34286.967419212,1776,cancel,sell,19258880,0,0
34286.968841008,1777,market,sell,10000000162,0,58
34286.973032264,1778,limit,sell,19259865,5854000,100
34286.984242622,1779,limit,sell,19260106,5852600,13
34286.984336913,1780,market,buy,10000000163,0,13
34286.996234892,1781,cancel,sell,19259402,0,0
34286.998796439,1782,limit,sell,19260355,5854000,100
34287.114422176,1783,cancel,buy,19203846,0,0
34287.121081616,1784,limit,buy,19263361,5852500,35
34287.254773559,1785,limit,buy,19266578,5852700,18
34287.254820514,1786,limit,buy,19266581,5852600,7
34287.284613251,1787,cancel,buy,19263361,0,0
34287.2919776,1788,limit,buy,19267295,5850400,35
34287.307809734,1789,cancel,sell,19258884,0,100
34287.311836571,1790,market,buy,10000000164,0,25
34287.312054312,1791,limit,sell,19267537,5854000,100
34287.315600727,1792,cancel,sell,19260355,0,0
34287.329361069,1793,limit,sell,19267994,5854000,100
34287.357292611,1794,cancel,buy,19218615,0,0
34287.357293206,1795,cancel,buy,19233441,0,0
34287.357952973,1796,limit,buy,19268809,5851400,200
34287.359968875,1797,limit,buy,19268832,5851900,200
34287.359980089,1798,cancel,buy,19268809,0,0
34287.666460737,1799,cancel,sell,19229357,0,0
34287.666561186,1800,cancel,buy,19266578,0,0
34287.666562304,1801,cancel,buy,19266581,0,0
34287.677901244,1802,limit,sell,19274908,5855400,100
34287.677904109,1803,cancel,sell,19258884,0,0
34287.713927125,1804,cancel,sell,19259865,0,0
34287.71393094,1805,cancel,sell,19267537,0,0
34287.717174777,1806,cancel,sell,19267994,0,0
34287.722040792,1807,limit,sell,19275705,5855400,18
34287.722085556,1808,limit,sell,19275708,5855300,18
34287.722139883,1809,limit,sell,19275711,5855300,18
34287.723491412,1810,limit,sell,19275772,5855200,18
34287.723528748,1811,limit,buy,19275775,5852300,18
34287.72359441,1812,market,sell,10000000165,0,18
34287.72359441,1813,market,sell,10000000166,0,34
34287.723682617,1814,limit,sell,19275787,5855200,100
34287.724139807,1815,market,sell,10000000167,0,100
34287.724326307,1816,limit,sell,19275833,5855100,11
34287.724424278,1817,cancel,buy,19268832,0,100
34287.724613645,1818,limit,sell,19275844,5855100,7
34287.72490125,1819,cancel,buy,19268832,0,0
34287.725109766,1820,limit,buy,19275858,5850900,100
34287.725130114,1821,limit,buy,19275859,5852100,2
34287.725569578,1822,limit,buy,19275874,5850900,100
34287.725654908,1823,market,sell,10000000168,0,66
34287.72574365,1824,market,sell,10000000169,0,2
34287.725792697,1825,market,sell,10000000170,0,55
34287.725843331,1826,market,sell,10000000171,0,12
34287.72584525,1827,limit,sell,19275882,5855000,6
34287.725873579,1828,market,sell,10000000172,0,133
34287.725886542,1829,limit,buy,19275886,5852200,7
34287.725944889,1830,limit,sell,19275892,5855100,100
34287.726033166,1831,market,sell,10000000173,0,7
34287.726430859,1832,cancel,sell,19275787,0,0
34287.727209329,1833,cancel,buy,19275858,0,0
34287.727212577,1834,cancel,buy,19275874,0,0
34287.727978719,1835,limit,buy,19275977,5850600,200
34287.730287886,1836,limit,sell,19276045,5855200,100
34287.731077481,1837,limit,sell,19276056,5852700,100
34287.732024858,1838,cancel,sell,19276056,0,0
34287.739422722,1839,cancel,buy,19275977,0,100
34287.773453614,1840,cancel,buy,19275977,0,0
34287.773460214,1841,limit,buy,19276602,5850400,100
34287.77412386,1842,limit,buy,19276616,5850400,100
34287.779270505,1843,cancel,buy,19276602,0,0
34287.779274929,1844,cancel,buy,19276616,0,0
34287.779954415,1845,limit,buy,19276711,5849900,100
34287.780106745,1846,limit,buy,19276715,5849900,100
34287.81471049,1847,cancel,buy,19276715,0,0
34287.819795255,1848,limit,buy,19277374,5849900,100
34287.845411284,1849,cancel,sell,18704437,0,0
34287.845563892,1850,cancel,sell,19275708,0,0
34287.845567533,1851,cancel,sell,19275705,0,0
34287.845571938,1852,cancel,sell,19275711,0,0
34287.845576586,1853,cancel,sell,19275772,0,0
34287.845586436,1854,cancel,sell,19275844,0,0
34287.845590772,1855,cancel,sell,19275833,0,0
34287.845602295,1856,cancel,sell,19275882,0,0
34287.850893666,1857,market,sell,10000000174,0,5
34287.850893666,1858,market,sell,10000000175,0,31
34287.850964642,1859,limit,sell,19278036,5855100,18
34287.850997313,1860,limit,sell,19278038,5855000,18
34287.851037248,1861,limit,sell,19278039,5854800,18
34287.851067144,1862,limit,sell,19278040,5854900,18
34287.85313957,1863,market,sell,10000000176,0,269
34287.853207353,1864,limit,sell,19278083,5853100,50
34287.853212283,1865,limit,sell,19278085,5854700,18
34287.853213369,1866,limit,sell,19278086,5854600,100
34287.85324195,1867,cancel,sell,19278083,0,0
34287.853266702,1868,limit,sell,19278089,5854500,18
34287.853328823,1869,limit,buy,19278093,5851000,300
34287.854674142,1870,cancel,sell,19275892,0,0
34287.855303123,1871,cancel,sell,19276045,0,0
34287.857641185,1872,limit,sell,19278155,5852800,100
34287.858732196,1873,cancel,buy,19277374,0,0
34287.865390646,1874,cancel,buy,19276711,0,0
34287.904018393,1875,market,sell,10000000177,0,200
34287.910694643,1876,market,sell,10000000178,0,100
34287.910777711,1877,limit,sell,19279150,5852700,100
34287.912918856,1878,cancel,sell,19278086,0,0
34287.934620813,1879,market,sell,10000000179,0,1
34287.934620813,1880,market,sell,10000000180,0,100
34287.934693174,1881,limit,sell,19279932,5854500,100
34287.935221519,1882,cancel,sell,19279932,0,0
34287.940574375,1883,market,sell,10000000181,0,35
34287.940574375,1884,market,sell,10000000182,0,420
34287.940645345,1885,limit,sell,19280161,5850700,50
34287.940649891,1886,limit,sell,19280162,5854500,100
34287.940680676,1887,cancel,sell,19280161,0,0
34287.941080986,1888,cancel,sell,19280162,0,0
34287.941252975,1889,market,sell,10000000183,0,80
34287.941252975,1890,market,sell,10000000184,0,4
34287.941252975,1891,market,sell,10000000185,0,3
34287.941252975,1892,market,sell,10000000186,0,5
34287.941252975,1893,market,sell,10000000187,0,8
34287.941309783,1894,limit,buy,19280232,5848800,100
34287.941320612,1895,limit,sell,19280236,5850700,50
34287.941353718,1896,cancel,sell,19280236,0,0
34287.94989805,1897,limit,buy,19280485,5848900,100
34287.950037619,1898,cancel,buy,19280232,0,0
34287.955687493,1899,cancel,buy,19280485,0,0
34287.979119142,1900,cancel,buy,3647228,0,0
34287.979275386,1901,cancel,sell,19278039,0,0
34287.979276452,1902,cancel,sell,19278036,0,0
34287.979277,1903,cancel,sell,19278040,0,0
34287.979277385,1904,cancel,sell,19278038,0,0
34287.979293951,1905,cancel,sell,19278089,0,0
34287.979295704,1906,cancel,sell,19278085,0,0
34287.979849708,1907,cancel,buy,3647230,0,0
34287.98018607,1908,cancel,buy,3647231,0,0
34287.980545131,1909,cancel,buy,3647232,0,0
34287.980704158,1910,cancel,buy,3647233,0,0
34287.980877158,1911,cancel,buy,3647235,0,0
34287.981081378,1912,cancel,buy,3647236,0,0
34287.981387833,1913,cancel,buy,3647237,0,0
34287.981733481,1914,cancel,buy,18401824,0,0
34287.98195981,1915,cancel,sell,19278155,0,0
34287.984270941,1916,limit,sell,19281448,5852700,200
34287.991600026,1917,limit,buy,19281684,5850000,66
34287.992323351,1918,limit,buy,19281706,5850000,6
34287.992683726,1919,limit,buy,19281711,5850000,10
34287.993187033,1920,limit,buy,19281740,5850000,5
34287.993589526,1921,limit,buy,19281750,5850000,3
34287.993934427,1922,limit,buy,19281754,5850000,10
34287.994244714,1923,limit,buy,19281761,5850000,5
34287.994584668,1924,limit,buy,19281765,5850000,5
34287.994910916,1925,limit,buy,19281773,5850000,50
34288.028342634,1926,cancel,buy,2117274,0,0
34288.029080828,1927,cancel,buy,2127309,0,0
34288.029185369,1928,cancel,buy,2776078,0,0
34288.029388919,1929,cancel,buy,3549791,0,0
34288.029553147,1930,cancel,buy,3561189,0,0
34288.029710803,1931,cancel,buy,3585371,0,0
34288.029891221,1932,cancel,buy,11592601,0,0
34288.030049884,1933,cancel,buy,12136452,0,0
34288.065893097,1934,limit,sell,19285462,5852700,20
34288.067309636,1935,cancel,sell,19279150,0,0
34288.170764629,1936,cancel,sell,19285462,0,0
34288.170941419,1937,limit,sell,19289141,5851200,20
34288.20158296,1938,cancel,sell,19281448,0,0
34288.204018241,1939,limit,sell,19290469,5851200,100
34288.232230903,1940,limit,sell,19291356,5851500,100
34288.260860036,1941,market,sell,10000000188,0,5
34288.260860036,1942,market,sell,10000000189,0,65
34288.260860036,1943,market,sell,10000000190,0,6
34288.260860036,1944,market,sell,10000000191,0,24
34288.337563927,1945,market,sell,10000000192,0,1
34288.337563927,1946,market,sell,10000000193,0,6
34288.337563927,1947,market,sell,10000000194,0,8
34288.337563927,1948,market,sell,10000000195,0,10
34288.337563927,1949,market,sell,10000000196,0,175
34288.394703981,1950,market,sell,10000000197,0,125
34288.394703981,1951,market,sell,10000000198,0,40
34288.394703981,1952,market,sell,10000000199,0,135
34288.724689483,1953,limit,sell,19300125,5850400,300
34288.724858418,1954,cancel,sell,19291356,0,0
34288.724858418,1955,limit,sell,19300130,5850200,100
34288.725015248,1956,cancel,sell,19289141,0,0
34288.725140581,1957,market,sell,10000000200,0,665
34288.725140581,1958,market,sell,10000000201,0,2087
34288.725142609,1959,limit,sell,19300137,5851000,20
34288.725218205,1960,market,sell,10000000202,0,1262
34288.725218205,1961,market,sell,10000000203,0,50
34288.725218205,1962,market,sell,10000000204,0,66
34288.725218205,1963,market,sell,10000000205,0,6
34288.725218205,1964,market,sell,10000000206,0,10
34288.725218205,1965,market,sell,10000000207,0,5
34288.725218205,1966,market,sell,10000000208,0,3
34288.725218205,1967,market,sell,10000000209,0,10
34288.725218205,1968,market,sell,10000000210,0,5
34288.725218205,1969,market,sell,10000000211,0,5
34288.725218205,1970,market,sell,10000000212,0,50
34288.725310169,1971,limit,sell,19300154,5850100,50
34288.725325865,1972,limit,sell,19300155,5850100,100
34288.725360959,1973,cancel,sell,19300130,0,0
34288.725360959,1974,limit,sell,19300157,5850100,100
34288.725439872,1975,market,buy,10000000213,0,50
34288.725439872,1976,market,buy,10000000214,0,50
34288.725479499,1977,market,sell,10000000215,0,2
34288.725479499,1978,market,sell,10000000216,0,5
34288.72553753,1979,cancel,sell,19300157,0,0
34288.72553753,1980,limit,sell,19300164,5850100,50
34288.725560496,1981,limit,sell,19300166,5850100,50
34288.725639165,1982,cancel,sell,19300164,0,0
34288.725639165,1983,limit,sell,19300171,5850100,50
34288.725677485,1984,market,buy,10000000217,0,50
34288.725677485,1985,market,buy,10000000218,0,50
34288.726481689,1986,market,sell,10000000219,0,23
34288.726568752,1987,market,sell,10000000220,0,23
34288.726584723,1988,market,sell,10000000221,0,4
34288.727028043,1989,market,sell,10000000222,0,200
34288.727115472,1990,market,sell,10000000223,0,13
34288.727131258,1991,market,sell,10000000224,0,87
34288.727281691,1992,limit,buy,19300225,5847900,200
34288.727895432,1993,cancel,sell,19300137,0,0
34288.728020678,1994,limit,sell,19300249,5850200,20
34288.733526741,1995,market,sell,10000000225,0,50
34288.733618791,1996,limit,sell,19300531,5849900,100
34288.734875658,1997,cancel,sell,19300155,0,0
34288.740579773,1998,cancel,buy,19300225,0,0
34288.741291162,1999,limit,buy,19300814,5847800,100
34288.747322702,2000,limit,buy,19301101,5847900,200
34288.747356161,2001,cancel,buy,19300814,0,0
34288.747789452,2002,cancel,buy,19301101,0,0
34288.748472601,2003,limit,buy,19301126,5847800,100
34288.75580231,2004,cancel,buy,19301126,0,0
34288.755808014,2005,limit,buy,19301336,5847400,100
34288.75646861,2006,limit,buy,19301355,5847400,100
34288.764996537,2007,limit,sell,19301793,5851100,100
34288.767812108,2008,cancel,sell,19290469,0,0
34288.770969403,2009,limit,sell,19301917,5849700,100
34288.792972485,2010,cancel,buy,19301355,0,0
34288.792973233,2011,cancel,buy,19301336,0,0
34288.898286688,2012,cancel,sell,19300531,0,0
34289.254417439,2013,cancel,sell,19300125,0,0
34289.317897608,2014,cancel,sell,19301917,0,0
34289.527049784,2015,limit,sell,19314759,5849500,100
34289.619104184,2016,cancel,buy,19243491,0,0
34289.818734718,2017,cancel,sell,19314759,0,0
34289.843683099,2018,cancel,sell,19301793,0,0
34289.884308585,2019,limit,sell,19320445,5849700,100
34290.32909094,2020,limit,buy,19329655,5847100,5
34290.611030563,2021,market,sell,10000000226,0,20
34290.611113017,2022,limit,sell,19333486,5849300,100
34290.611600353,2023,market,sell,10000000227,0,5
34290.611704424,2024,limit,buy,19333505,5845900,200
34290.611902228,2025,limit,sell,19333511,5855400,100
34290.632104133,2026,cancel,buy,19333505,0,0
